<?xml version="1.0" encoding="utf-8"?>

<AuditFile xmlns:xs="http://www.w3.org/2001/XMLSchema" xmlns="urn:OECD:StandardAuditFile-Taxation:AT_1.01" xmlns:doc="urn:schemas-OECD:schema-extensions:documentation">
 <Header>
  <TaxID>
   <FA>52 -310/8793</FA>
   <TaxRegistrationNumber>AT U73105659</TaxRegistrationNumber>
  </TaxID>
  <CompanyName>SocialBuzz GmbH</CompanyName>
  <CompanyAddress>
   <BuildingNumber/>
   <StreetName>Gierkeweg 11/205</StreetName>
   <AddressDetail/>
   <City>Linz</City>
   <PostalCode/>
   <Region>Österreich</Region>
   <Country/>
  </CompanyAddress>
  <ContactInformation>
   <Contact/>
   <Telephone/>
   <Fax/>
   <Email/>
   <Website/>
  </ContactInformation>
  <TaxAccountingBasis/>
  <TaxEntity/>
  <FiscalYear>2018</FiscalYear>
  <StartDate>2018-01-01</StartDate>
  <EndDate>2018-12-31</EndDate>
  <Kleinunternehmer_AT>1</Kleinunternehmer_AT>
  <Taxonomy/>
  <CurrencyCode>EUR</CurrencyCode>
  <AuditFileVersion>Version 1.01</AuditFileVersion>
  <DateCreated>2019-04-30</DateCreated>
  <ProductID>Banana Accounting</ProductID>
  <ProductVersion>9.0.4</ProductVersion>
 </Header>
 <MasterFiles>
  <GeneralLedger>
   <AccountID>0605</AccountID>
   <AccountDescription>Betriebs- und Geschäftsaustattung</AccountDescription>
   <AccountType>Asset</AccountType>
   <AccountID_oeEKR/>
   <AccountDescription_oeEKR/>
   <BalanceSheetItemCode/>
   <BalanceSheetItemDescription/>
   <LeadCode/>
   <LeadDescription/>
   <OpeningDebitBalance>0.00</OpeningDebitBalance>
  </GeneralLedger>
  <GeneralLedger>
   <AccountID>0606</AccountID>
   <AccountDescription>Betriebs- und Geschäftsaustattung ig. Erwerb</AccountDescription>
   <AccountType>Asset</AccountType>
   <AccountID_oeEKR/>
   <AccountDescription_oeEKR/>
   <BalanceSheetItemCode/>
   <BalanceSheetItemDescription/>
   <LeadCode/>
   <LeadDescription/>
   <OpeningDebitBalance>0.00</OpeningDebitBalance>
  </GeneralLedger>
  <GeneralLedger>
   <AccountID>0620</AccountID>
   <AccountDescription>Büromaschinen, EDV Anlagen</AccountDescription>
   <AccountType>Asset</AccountType>
   <AccountID_oeEKR/>
   <AccountDescription_oeEKR/>
   <BalanceSheetItemCode/>
   <BalanceSheetItemDescription/>
   <LeadCode/>
   <LeadDescription/>
   <OpeningDebitBalance>0.00</OpeningDebitBalance>
  </GeneralLedger>
  <GeneralLedger>
   <AccountID>0621</AccountID>
   <AccountDescription>Büromaschinen, EDV-Anlagen ig. Erwerb</AccountDescription>
   <AccountType>Asset</AccountType>
   <AccountID_oeEKR/>
   <AccountDescription_oeEKR/>
   <BalanceSheetItemCode/>
   <BalanceSheetItemDescription/>
   <LeadCode/>
   <LeadDescription/>
   <OpeningDebitBalance>0.00</OpeningDebitBalance>
  </GeneralLedger>
  <GeneralLedger>
   <AccountID>2150</AccountID>
   <AccountDescription>Forderungen aus Lieferungen und Leistungen sonstiges Ausland</AccountDescription>
   <AccountType>Asset</AccountType>
   <AccountID_oeEKR/>
   <AccountDescription_oeEKR/>
   <BalanceSheetItemCode/>
   <BalanceSheetItemDescription/>
   <LeadCode/>
   <LeadDescription/>
   <OpeningDebitBalance>0.00</OpeningDebitBalance>
  </GeneralLedger>
  <GeneralLedger>
   <AccountID>2500</AccountID>
   <AccountDescription>Vorsteuer, Forderungen aus der Abgabenverrechnung</AccountDescription>
   <AccountType>Asset</AccountType>
   <AccountID_oeEKR/>
   <AccountDescription_oeEKR/>
   <BalanceSheetItemCode/>
   <BalanceSheetItemDescription/>
   <LeadCode/>
   <LeadDescription/>
   <OpeningDebitBalance>0.00</OpeningDebitBalance>
  </GeneralLedger>
  <GeneralLedger>
   <AccountID>2501</AccountID>
   <AccountDescription>Vorsteuer aus innergemeinschaftlichen Erwerb</AccountDescription>
   <AccountType>Asset</AccountType>
   <AccountID_oeEKR/>
   <AccountDescription_oeEKR/>
   <BalanceSheetItemCode/>
   <BalanceSheetItemDescription/>
   <LeadCode/>
   <LeadDescription/>
   <OpeningDebitBalance>0.00</OpeningDebitBalance>
  </GeneralLedger>
  <GeneralLedger>
   <AccountID>2502</AccountID>
   <AccountDescription>Vorsteuern aus Reverse Charge betreffend § 19 Abs. 1 (allgemeine Klausel)</AccountDescription>
   <AccountType>Asset</AccountType>
   <AccountID_oeEKR/>
   <AccountDescription_oeEKR/>
   <BalanceSheetItemCode/>
   <BalanceSheetItemDescription/>
   <LeadCode/>
   <LeadDescription/>
   <OpeningDebitBalance>0.00</OpeningDebitBalance>
  </GeneralLedger>
  <GeneralLedger>
   <AccountID>2510</AccountID>
   <AccountDescription>Einfuhrumsatzsteuer</AccountDescription>
   <AccountType>Asset</AccountType>
   <AccountID_oeEKR/>
   <AccountDescription_oeEKR/>
   <BalanceSheetItemCode/>
   <BalanceSheetItemDescription/>
   <LeadCode/>
   <LeadDescription/>
   <OpeningDebitBalance>0.00</OpeningDebitBalance>
  </GeneralLedger>
  <GeneralLedger>
   <AccountID>2518</AccountID>
   <AccountDescription>Vorsteuer übrige EU-Länder (Achtung: D, I, F haben eigene Kto-Nummer)</AccountDescription>
   <AccountType>Asset</AccountType>
   <AccountID_oeEKR/>
   <AccountDescription_oeEKR/>
   <BalanceSheetItemCode/>
   <BalanceSheetItemDescription/>
   <LeadCode/>
   <LeadDescription/>
   <OpeningDebitBalance>0.00</OpeningDebitBalance>
  </GeneralLedger>
  <GeneralLedger>
   <AccountID>2560</AccountID>
   <AccountDescription>Körperschaftsteuer Quartalsvorauszahlungen</AccountDescription>
   <AccountType>Asset</AccountType>
   <AccountID_oeEKR/>
   <AccountDescription_oeEKR/>
   <BalanceSheetItemCode/>
   <BalanceSheetItemDescription/>
   <LeadCode/>
   <LeadDescription/>
   <OpeningDebitBalance>0.00</OpeningDebitBalance>
  </GeneralLedger>
  <GeneralLedger>
   <AccountID>2800</AccountID>
   <AccountDescription>Oberbank Verrechnungskonto</AccountDescription>
   <AccountType>Asset</AccountType>
   <AccountID_oeEKR/>
   <AccountDescription_oeEKR/>
   <BalanceSheetItemCode/>
   <BalanceSheetItemDescription/>
   <LeadCode/>
   <LeadDescription/>
   <OpeningDebitBalance>0.00</OpeningDebitBalance>
  </GeneralLedger>
  <GeneralLedger>
   <AccountID>2810</AccountID>
   <AccountDescription>PayPalKtoEUR</AccountDescription>
   <AccountType>Asset</AccountType>
   <AccountID_oeEKR/>
   <AccountDescription_oeEKR/>
   <BalanceSheetItemCode/>
   <BalanceSheetItemDescription/>
   <LeadCode/>
   <LeadDescription/>
   <OpeningDebitBalance>0.00</OpeningDebitBalance>
  </GeneralLedger>
  <GeneralLedger>
   <AccountID>2820</AccountID>
   <AccountDescription>PayPalKtoUSD</AccountDescription>
   <AccountType>Asset</AccountType>
   <AccountID_oeEKR/>
   <AccountDescription_oeEKR/>
   <BalanceSheetItemCode/>
   <BalanceSheetItemDescription/>
   <LeadCode/>
   <LeadDescription/>
   <OpeningDebitBalance>0.00</OpeningDebitBalance>
  </GeneralLedger>
  <GeneralLedger>
   <AccountID>2830</AccountID>
   <AccountDescription>StripeKto</AccountDescription>
   <AccountType>Asset</AccountType>
   <AccountID_oeEKR/>
   <AccountDescription_oeEKR/>
   <BalanceSheetItemCode/>
   <BalanceSheetItemDescription/>
   <LeadCode/>
   <LeadDescription/>
   <OpeningDebitBalance>0.00</OpeningDebitBalance>
  </GeneralLedger>
  <GeneralLedger>
   <AccountID>2840</AccountID>
   <AccountDescription>PrivatKtoSparkasse</AccountDescription>
   <AccountType>Asset</AccountType>
   <AccountID_oeEKR/>
   <AccountDescription_oeEKR/>
   <BalanceSheetItemCode/>
   <BalanceSheetItemDescription/>
   <LeadCode/>
   <LeadDescription/>
   <OpeningDebitBalance>0.00</OpeningDebitBalance>
  </GeneralLedger>
  <GeneralLedger>
   <AccountID>2850</AccountID>
   <AccountDescription>Hilfskonto (Währungsumrechnung, …)</AccountDescription>
   <AccountType>Asset</AccountType>
   <AccountID_oeEKR/>
   <AccountDescription_oeEKR/>
   <BalanceSheetItemCode/>
   <BalanceSheetItemDescription/>
   <LeadCode/>
   <LeadDescription/>
   <OpeningDebitBalance>0.00</OpeningDebitBalance>
  </GeneralLedger>
  <GeneralLedger>
   <AccountID>2885</AccountID>
   <AccountDescription>Forderung an PayPal/Stripe (Schwebende Geldbewegungen)</AccountDescription>
   <AccountType>Asset</AccountType>
   <AccountID_oeEKR/>
   <AccountDescription_oeEKR/>
   <BalanceSheetItemCode/>
   <BalanceSheetItemDescription/>
   <LeadCode/>
   <LeadDescription/>
   <OpeningDebitBalance>0.00</OpeningDebitBalance>
  </GeneralLedger>
  <GeneralLedger>
   <AccountID>3110</AccountID>
   <AccountDescription>VisaKto</AccountDescription>
   <AccountType>Liability</AccountType>
   <AccountID_oeEKR/>
   <AccountDescription_oeEKR/>
   <BalanceSheetItemCode/>
   <BalanceSheetItemDescription/>
   <LeadCode/>
   <LeadDescription/>
   <OpeningDebitBalance>0.00</OpeningDebitBalance>
  </GeneralLedger>
  <GeneralLedger>
   <AccountID>3290</AccountID>
   <AccountDescription>PrivatVisaKto</AccountDescription>
   <AccountType>Liability</AccountType>
   <AccountID_oeEKR/>
   <AccountDescription_oeEKR/>
   <BalanceSheetItemCode/>
   <BalanceSheetItemDescription/>
   <LeadCode/>
   <LeadDescription/>
   <OpeningDebitBalance>0.00</OpeningDebitBalance>
  </GeneralLedger>
  <GeneralLedger>
   <AccountID>3480</AccountID>
   <AccountDescription>Gesellschafterdarlehen</AccountDescription>
   <AccountType>Liability</AccountType>
   <AccountID_oeEKR/>
   <AccountDescription_oeEKR/>
   <BalanceSheetItemCode/>
   <BalanceSheetItemDescription/>
   <LeadCode/>
   <LeadDescription/>
   <OpeningDebitBalance>0.00</OpeningDebitBalance>
  </GeneralLedger>
  <GeneralLedger>
   <AccountID>3500</AccountID>
   <AccountDescription>Umsatzsteuer</AccountDescription>
   <AccountType>Liability</AccountType>
   <AccountID_oeEKR/>
   <AccountDescription_oeEKR/>
   <BalanceSheetItemCode/>
   <BalanceSheetItemDescription/>
   <LeadCode/>
   <LeadDescription/>
   <OpeningDebitBalance>0.00</OpeningDebitBalance>
  </GeneralLedger>
  <GeneralLedger>
   <AccountID>3520</AccountID>
   <AccountDescription>Umsatzsteuer-Zahllast</AccountDescription>
   <AccountType>Liability</AccountType>
   <AccountID_oeEKR/>
   <AccountDescription_oeEKR/>
   <BalanceSheetItemCode/>
   <BalanceSheetItemDescription/>
   <LeadCode/>
   <LeadDescription/>
   <OpeningDebitBalance>0.00</OpeningDebitBalance>
  </GeneralLedger>
  <GeneralLedger>
   <AccountID>3501</AccountID>
   <AccountDescription>Umsatzsteuer aus innergemeinschaftlichen Erwerb</AccountDescription>
   <AccountType>Liability</AccountType>
   <AccountID_oeEKR/>
   <AccountDescription_oeEKR/>
   <BalanceSheetItemCode/>
   <BalanceSheetItemDescription/>
   <LeadCode/>
   <LeadDescription/>
   <OpeningDebitBalance>0.00</OpeningDebitBalance>
  </GeneralLedger>
  <GeneralLedger>
   <AccountID>3502</AccountID>
   <AccountDescription>USt § 19/Art 19 (Reverse Charge)</AccountDescription>
   <AccountType>Liability</AccountType>
   <AccountID_oeEKR/>
   <AccountDescription_oeEKR/>
   <BalanceSheetItemCode/>
   <BalanceSheetItemDescription/>
   <LeadCode/>
   <LeadDescription/>
   <OpeningDebitBalance>0.00</OpeningDebitBalance>
  </GeneralLedger>
  <GeneralLedger>
   <AccountID>3530</AccountID>
   <AccountDescription>Verrechnungskonto Finanzamt</AccountDescription>
   <AccountType>Liability</AccountType>
   <AccountID_oeEKR/>
   <AccountDescription_oeEKR/>
   <BalanceSheetItemCode/>
   <BalanceSheetItemDescription/>
   <LeadCode/>
   <LeadDescription/>
   <OpeningDebitBalance>0.00</OpeningDebitBalance>
  </GeneralLedger>
  <GeneralLedger>
   <AccountID>3590</AccountID>
   <AccountDescription>Körperschaftssteuer</AccountDescription>
   <AccountType>Liability</AccountType>
   <AccountID_oeEKR/>
   <AccountDescription_oeEKR/>
   <BalanceSheetItemCode/>
   <BalanceSheetItemDescription/>
   <LeadCode/>
   <LeadDescription/>
   <OpeningDebitBalance>0.00</OpeningDebitBalance>
  </GeneralLedger>
  <GeneralLedger>
   <AccountID>9010</AccountID>
   <AccountDescription>Stammkapital</AccountDescription>
   <AccountType>Liability</AccountType>
   <AccountID_oeEKR/>
   <AccountDescription_oeEKR/>
   <BalanceSheetItemCode/>
   <BalanceSheetItemDescription/>
   <LeadCode/>
   <LeadDescription/>
   <OpeningDebitBalance>0.00</OpeningDebitBalance>
  </GeneralLedger>
  <GeneralLedger>
   <AccountID>9380</AccountID>
   <AccountDescription>Gewinnvortrag aus Vorjahren</AccountDescription>
   <AccountType>Liability</AccountType>
   <AccountID_oeEKR/>
   <AccountDescription_oeEKR/>
   <BalanceSheetItemCode/>
   <BalanceSheetItemDescription/>
   <LeadCode/>
   <LeadDescription/>
   <OpeningDebitBalance>0.00</OpeningDebitBalance>
  </GeneralLedger>
  <GeneralLedger>
   <AccountID>9381</AccountID>
   <AccountDescription>Verlustvortrag aus Vorjahren</AccountDescription>
   <AccountType>Liability</AccountType>
   <AccountID_oeEKR/>
   <AccountDescription_oeEKR/>
   <BalanceSheetItemCode/>
   <BalanceSheetItemDescription/>
   <LeadCode/>
   <LeadDescription/>
   <OpeningDebitBalance>0.00</OpeningDebitBalance>
  </GeneralLedger>
  <GeneralLedger>
   <AccountID>5007</AccountID>
   <AccountDescription>Wareneinkauf [0%]</AccountDescription>
   <AccountType>Expense</AccountType>
   <AccountID_oeEKR/>
   <AccountDescription_oeEKR/>
   <BalanceSheetItemCode/>
   <BalanceSheetItemDescription/>
   <LeadCode/>
   <LeadDescription/>
   <OpeningDebitBalance>0.00</OpeningDebitBalance>
  </GeneralLedger>
  <GeneralLedger>
   <AccountID>5700</AccountID>
   <AccountDescription>Fremdleistungen Ausland </AccountDescription>
   <AccountType>Expense</AccountType>
   <AccountID_oeEKR/>
   <AccountDescription_oeEKR/>
   <BalanceSheetItemCode/>
   <BalanceSheetItemDescription/>
   <LeadCode/>
   <LeadDescription/>
   <OpeningDebitBalance>0.00</OpeningDebitBalance>
  </GeneralLedger>
  <GeneralLedger>
   <AccountID>5750</AccountID>
   <AccountDescription>Fremdleistungen Ausland Reverse Charge</AccountDescription>
   <AccountType>Expense</AccountType>
   <AccountID_oeEKR/>
   <AccountDescription_oeEKR/>
   <BalanceSheetItemCode/>
   <BalanceSheetItemDescription/>
   <LeadCode/>
   <LeadDescription/>
   <OpeningDebitBalance>0.00</OpeningDebitBalance>
  </GeneralLedger>
  <GeneralLedger>
   <AccountID>5860</AccountID>
   <AccountDescription>Wechselkursverlust</AccountDescription>
   <AccountType>Expense</AccountType>
   <AccountID_oeEKR/>
   <AccountDescription_oeEKR/>
   <BalanceSheetItemCode/>
   <BalanceSheetItemDescription/>
   <LeadCode/>
   <LeadDescription/>
   <OpeningDebitBalance>0.00</OpeningDebitBalance>
  </GeneralLedger>
  <GeneralLedger>
   <AccountID>6200</AccountID>
   <AccountDescription>Gehälter</AccountDescription>
   <AccountType>Expense</AccountType>
   <AccountID_oeEKR/>
   <AccountDescription_oeEKR/>
   <BalanceSheetItemCode/>
   <BalanceSheetItemDescription/>
   <LeadCode/>
   <LeadDescription/>
   <OpeningDebitBalance>0.00</OpeningDebitBalance>
  </GeneralLedger>
  <GeneralLedger>
   <AccountID>7040</AccountID>
   <AccountDescription>Abschreibung für Sachanlagevermögen (AfA)</AccountDescription>
   <AccountType>Expense</AccountType>
   <AccountID_oeEKR/>
   <AccountDescription_oeEKR/>
   <BalanceSheetItemCode/>
   <BalanceSheetItemDescription/>
   <LeadCode/>
   <LeadDescription/>
   <OpeningDebitBalance>0.00</OpeningDebitBalance>
  </GeneralLedger>
  <GeneralLedger>
   <AccountID>7041</AccountID>
   <AccountDescription>Aufwand Geringw. Sachanlageverm.</AccountDescription>
   <AccountType>Expense</AccountType>
   <AccountID_oeEKR/>
   <AccountDescription_oeEKR/>
   <BalanceSheetItemCode/>
   <BalanceSheetItemDescription/>
   <LeadCode/>
   <LeadDescription/>
   <OpeningDebitBalance>0.00</OpeningDebitBalance>
  </GeneralLedger>
  <GeneralLedger>
   <AccountID>7042</AccountID>
   <AccountDescription>Aufwand Geringw. Sachanlageverm.Shop</AccountDescription>
   <AccountType>Expense</AccountType>
   <AccountID_oeEKR/>
   <AccountDescription_oeEKR/>
   <BalanceSheetItemCode/>
   <BalanceSheetItemDescription/>
   <LeadCode/>
   <LeadDescription/>
   <OpeningDebitBalance>0.00</OpeningDebitBalance>
  </GeneralLedger>
  <GeneralLedger>
   <AccountID>7340</AccountID>
   <AccountDescription>Reisekosten</AccountDescription>
   <AccountType>Expense</AccountType>
   <AccountID_oeEKR/>
   <AccountDescription_oeEKR/>
   <BalanceSheetItemCode/>
   <BalanceSheetItemDescription/>
   <LeadCode/>
   <LeadDescription/>
   <OpeningDebitBalance>0.00</OpeningDebitBalance>
  </GeneralLedger>
  <GeneralLedger>
   <AccountID>7382</AccountID>
   <AccountDescription>Aufwand Mobiltelefon</AccountDescription>
   <AccountType>Expense</AccountType>
   <AccountID_oeEKR/>
   <AccountDescription_oeEKR/>
   <BalanceSheetItemCode/>
   <BalanceSheetItemDescription/>
   <LeadCode/>
   <LeadDescription/>
   <OpeningDebitBalance>0.00</OpeningDebitBalance>
  </GeneralLedger>
  <GeneralLedger>
   <AccountID>7600</AccountID>
   <AccountDescription>Aufwand Büromaterial und Drucksorten</AccountDescription>
   <AccountType>Expense</AccountType>
   <AccountID_oeEKR/>
   <AccountDescription_oeEKR/>
   <BalanceSheetItemCode/>
   <BalanceSheetItemDescription/>
   <LeadCode/>
   <LeadDescription/>
   <OpeningDebitBalance>0.00</OpeningDebitBalance>
  </GeneralLedger>
  <GeneralLedger>
   <AccountID>7601</AccountID>
   <AccountDescription>Aufwand Büromaterial und Drucksorten ig. Erwerb</AccountDescription>
   <AccountType>Expense</AccountType>
   <AccountID_oeEKR/>
   <AccountDescription_oeEKR/>
   <BalanceSheetItemCode/>
   <BalanceSheetItemDescription/>
   <LeadCode/>
   <LeadDescription/>
   <OpeningDebitBalance>0.00</OpeningDebitBalance>
  </GeneralLedger>
  <GeneralLedger>
   <AccountID>7690</AccountID>
   <AccountDescription>Spende</AccountDescription>
   <AccountType>Expense</AccountType>
   <AccountID_oeEKR/>
   <AccountDescription_oeEKR/>
   <BalanceSheetItemCode/>
   <BalanceSheetItemDescription/>
   <LeadCode/>
   <LeadDescription/>
   <OpeningDebitBalance>0.00</OpeningDebitBalance>
  </GeneralLedger>
  <GeneralLedger>
   <AccountID>7720</AccountID>
   <AccountDescription>Sozialversicherungsbeiträge</AccountDescription>
   <AccountType>Expense</AccountType>
   <AccountID_oeEKR/>
   <AccountDescription_oeEKR/>
   <BalanceSheetItemCode/>
   <BalanceSheetItemDescription/>
   <LeadCode/>
   <LeadDescription/>
   <OpeningDebitBalance>0.00</OpeningDebitBalance>
  </GeneralLedger>
  <GeneralLedger>
   <AccountID>7740</AccountID>
   <AccountDescription>Aufwand Steuerberater</AccountDescription>
   <AccountType>Expense</AccountType>
   <AccountID_oeEKR/>
   <AccountDescription_oeEKR/>
   <BalanceSheetItemCode/>
   <BalanceSheetItemDescription/>
   <LeadCode/>
   <LeadDescription/>
   <OpeningDebitBalance>0.00</OpeningDebitBalance>
  </GeneralLedger>
  <GeneralLedger>
   <AccountID>7782</AccountID>
   <AccountDescription>Kammerumlage</AccountDescription>
   <AccountType>Expense</AccountType>
   <AccountID_oeEKR/>
   <AccountDescription_oeEKR/>
   <BalanceSheetItemCode/>
   <BalanceSheetItemDescription/>
   <LeadCode/>
   <LeadDescription/>
   <OpeningDebitBalance>0.00</OpeningDebitBalance>
  </GeneralLedger>
  <GeneralLedger>
   <AccountID>7790</AccountID>
   <AccountDescription>Aufwand Spesen des Geldverkehrs</AccountDescription>
   <AccountType>Expense</AccountType>
   <AccountID_oeEKR/>
   <AccountDescription_oeEKR/>
   <BalanceSheetItemCode/>
   <BalanceSheetItemDescription/>
   <LeadCode/>
   <LeadDescription/>
   <OpeningDebitBalance>0.00</OpeningDebitBalance>
  </GeneralLedger>
  <GeneralLedger>
   <AccountID>7791</AccountID>
   <AccountDescription>Sonstige Bankspesen</AccountDescription>
   <AccountType>Expense</AccountType>
   <AccountID_oeEKR/>
   <AccountDescription_oeEKR/>
   <BalanceSheetItemCode/>
   <BalanceSheetItemDescription/>
   <LeadCode/>
   <LeadDescription/>
   <OpeningDebitBalance>0.00</OpeningDebitBalance>
  </GeneralLedger>
  <GeneralLedger>
   <AccountID>8530</AccountID>
   <AccountDescription>Körperschaftssteuer aus Vorperioden</AccountDescription>
   <AccountType>Expense</AccountType>
   <AccountID_oeEKR/>
   <AccountDescription_oeEKR/>
   <BalanceSheetItemCode/>
   <BalanceSheetItemDescription/>
   <LeadCode/>
   <LeadDescription/>
   <OpeningDebitBalance>0.00</OpeningDebitBalance>
  </GeneralLedger>
  <GeneralLedger>
   <AccountID>4000</AccountID>
   <AccountDescription>ErlösShop_A [20%]</AccountDescription>
   <AccountType>Sale</AccountType>
   <AccountID_oeEKR/>
   <AccountDescription_oeEKR/>
   <BalanceSheetItemCode/>
   <BalanceSheetItemDescription/>
   <LeadCode/>
   <LeadDescription/>
   <OpeningDebitBalance>0.00</OpeningDebitBalance>
  </GeneralLedger>
  <GeneralLedger>
   <AccountID>4015</AccountID>
   <AccountDescription>ErlösShop_EU [20%]</AccountDescription>
   <AccountType>Sale</AccountType>
   <AccountID_oeEKR/>
   <AccountDescription_oeEKR/>
   <BalanceSheetItemCode/>
   <BalanceSheetItemDescription/>
   <LeadCode/>
   <LeadDescription/>
   <OpeningDebitBalance>0.00</OpeningDebitBalance>
  </GeneralLedger>
  <GeneralLedger>
   <AccountID>4210</AccountID>
   <AccountDescription>ErlösShop_3L</AccountDescription>
   <AccountType>Sale</AccountType>
   <AccountID_oeEKR/>
   <AccountDescription_oeEKR/>
   <BalanceSheetItemCode/>
   <BalanceSheetItemDescription/>
   <LeadCode/>
   <LeadDescription/>
   <OpeningDebitBalance>0.00</OpeningDebitBalance>
  </GeneralLedger>
  <GeneralLedger>
   <AccountID>4005</AccountID>
   <AccountDescription>ErlösDL_A [20%]</AccountDescription>
   <AccountType>Sale</AccountType>
   <AccountID_oeEKR/>
   <AccountDescription_oeEKR/>
   <BalanceSheetItemCode/>
   <BalanceSheetItemDescription/>
   <LeadCode/>
   <LeadDescription/>
   <OpeningDebitBalance>0.00</OpeningDebitBalance>
  </GeneralLedger>
  <GeneralLedger>
   <AccountID>4020</AccountID>
   <AccountDescription>ErlösDL_EU [20%]</AccountDescription>
   <AccountType>Sale</AccountType>
   <AccountID_oeEKR/>
   <AccountDescription_oeEKR/>
   <BalanceSheetItemCode/>
   <BalanceSheetItemDescription/>
   <LeadCode/>
   <LeadDescription/>
   <OpeningDebitBalance>0.00</OpeningDebitBalance>
  </GeneralLedger>
  <GeneralLedger>
   <AccountID>4215</AccountID>
   <AccountDescription>ErlösDL_3L</AccountDescription>
   <AccountType>Sale</AccountType>
   <AccountID_oeEKR/>
   <AccountDescription_oeEKR/>
   <BalanceSheetItemCode/>
   <BalanceSheetItemDescription/>
   <LeadCode/>
   <LeadDescription/>
   <OpeningDebitBalance>0.00</OpeningDebitBalance>
  </GeneralLedger>
  <GeneralLedger>
   <AccountID>4860</AccountID>
   <AccountDescription>Wechselkursgewinn</AccountDescription>
   <AccountType>Sale</AccountType>
   <AccountID_oeEKR/>
   <AccountDescription_oeEKR/>
   <BalanceSheetItemCode/>
   <BalanceSheetItemDescription/>
   <LeadCode/>
   <LeadDescription/>
   <OpeningDebitBalance>0.00</OpeningDebitBalance>
  </GeneralLedger>
  <TaxTable>
   <TaxType/>
   <Description/>
   <TaxCodeDetails>
    <TaxCode>U-EV10</TaxCode>
    <Description>Eigenverbrauch, welcher 10% USt unterliegt</Description>
    <TaxPercentage>10.00</TaxPercentage>
   </TaxCodeDetails>
   <TaxCodeDetails>
    <TaxCode>U-EV13</TaxCode>
    <Description>Eigenverbrauch, welcher 13% USt unterliegt</Description>
    <TaxPercentage>13.00</TaxPercentage>
   </TaxCodeDetails>
   <TaxCodeDetails>
    <TaxCode>U-EV20</TaxCode>
    <Description>Eigenverbrauch, welcher 20% USt unterliegt</Description>
    <TaxPercentage>20.00</TaxPercentage>
   </TaxCodeDetails>
   <TaxCodeDetails>
    <TaxCode>U-§19</TaxCode>
    <Description>Umsätze mit Übergang der Steuerschuld (Reverse Charge)</Description>
    <TaxPercentage>0.00</TaxPercentage>
   </TaxCodeDetails>
   <TaxCodeDetails>
    <TaxCode>U-AUSF</TaxCode>
    <Description>Ausfuhrlieferungen in Drittländer (non-EU)</Description>
    <TaxPercentage>0.00</TaxPercentage>
   </TaxCodeDetails>
   <TaxCodeDetails>
    <TaxCode>U-LOHN</TaxCode>
    <Description>Lohnveredelungen</Description>
    <TaxPercentage>0.00</TaxPercentage>
   </TaxCodeDetails>
   <TaxCodeDetails>
    <TaxCode>U-SONST</TaxCode>
    <Description>Sonstige umsatzsteuerbefreite mit Vorsteuerabzug</Description>
    <TaxPercentage>0.00</TaxPercentage>
   </TaxCodeDetails>
   <TaxCodeDetails>
    <TaxCode>IG-LIEF</TaxCode>
    <Description>Innergemeinschaftliche Lieferungen</Description>
    <TaxPercentage>0.00</TaxPercentage>
   </TaxCodeDetails>
   <TaxCodeDetails>
    <TaxCode>U-FZGL</TaxCode>
    <Description>Fahrzeuglieferungen</Description>
    <TaxPercentage>0.00</TaxPercentage>
   </TaxCodeDetails>
   <TaxCodeDetails>
    <TaxCode>U-GRST</TaxCode>
    <Description>Grundstücksumsätze</Description>
    <TaxPercentage>0.00</TaxPercentage>
   </TaxCodeDetails>
   <TaxCodeDetails>
    <TaxCode>U-KLEIN</TaxCode>
    <Description>Kleinunternehmer</Description>
    <TaxPercentage>0.00</TaxPercentage>
   </TaxCodeDetails>
   <TaxCodeDetails>
    <TaxCode>U-00</TaxCode>
    <Description>übrige steuerfreie Umsätze ohne Vorsteuerabzug</Description>
    <TaxPercentage>0.00</TaxPercentage>
   </TaxCodeDetails>
   <TaxCodeDetails>
    <TaxCode>U20</TaxCode>
    <Description>Umsatzsteuer 20 %</Description>
    <TaxPercentage>20.00</TaxPercentage>
   </TaxCodeDetails>
   <TaxCodeDetails>
    <TaxCode>U10</TaxCode>
    <Description>Umsatzsteuer 10 %</Description>
    <TaxPercentage>10.00</TaxPercentage>
   </TaxCodeDetails>
   <TaxCodeDetails>
    <TaxCode>U13</TaxCode>
    <Description>Umsatzsteuer 13%</Description>
    <TaxPercentage>13.00</TaxPercentage>
   </TaxCodeDetails>
   <TaxCodeDetails>
    <TaxCode>U19</TaxCode>
    <Description>Umsatzsteuer 19%</Description>
    <TaxPercentage>19.00</TaxPercentage>
   </TaxCodeDetails>
   <TaxCodeDetails>
    <TaxCode>U10-L&amp;F</TaxCode>
    <Description>Zusatzsteuer 10 %</Description>
    <TaxPercentage>10.00</TaxPercentage>
   </TaxCodeDetails>
   <TaxCodeDetails>
    <TaxCode>U07-L&amp;F</TaxCode>
    <Description>Zusatzsteuer 7 %</Description>
    <TaxPercentage>7.00</TaxPercentage>
   </TaxCodeDetails>
   <TaxCodeDetails>
    <TaxCode>U-§11</TaxCode>
    <Description>inbes. Steuerschuld kraft Rechnung (§11 Abs. 12) u.a.</Description>
    <TaxPercentage>0.00</TaxPercentage>
   </TaxCodeDetails>
   <TaxCodeDetails>
    <TaxCode>RC-U10</TaxCode>
    <Description>Steuerschuld gem. § 19 Abs. 1 (Reverse Charge) 10%</Description>
    <TaxPercentage>10.00</TaxPercentage>
   </TaxCodeDetails>
   <TaxCodeDetails>
    <TaxCode>RC-U13</TaxCode>
    <Description>Steuerschuld gem. § 19 Abs. 1 (Reverse Charge) 13%</Description>
    <TaxPercentage>13.00</TaxPercentage>
   </TaxCodeDetails>
   <TaxCodeDetails>
    <TaxCode>RC-U20</TaxCode>
    <Description>Steuerschuld gem. § 19 Abs. 1 (Reverse Charge) 20%</Description>
    <TaxPercentage>20.00</TaxPercentage>
   </TaxCodeDetails>
   <TaxCodeDetails>
    <TaxCode>RC-U-BAUL</TaxCode>
    <Description>Steuerschuld gem. § 19 Abs. 1a (Bauleistungen)</Description>
    <TaxPercentage>20.00</TaxPercentage>
   </TaxCodeDetails>
   <TaxCodeDetails>
    <TaxCode>RC-U-SICH</TaxCode>
    <Description>Steuerschuld gem. § 19 Abs. 1b</Description>
    <TaxPercentage>20.00</TaxPercentage>
   </TaxCodeDetails>
   <TaxCodeDetails>
    <TaxCode>RC-U-SCHR</TaxCode>
    <Description>Steuerschuld gem. § 19 Abs. 1d (Schrott und Abfallstoffe etc.)</Description>
    <TaxPercentage>20.00</TaxPercentage>
   </TaxCodeDetails>
   <TaxCodeDetails>
    <TaxCode>IGE-00</TaxCode>
    <Description>Innergemeinschaftlicher Erwerb (im Inland steuerbefreit)</Description>
    <TaxPercentage>0.00</TaxPercentage>
   </TaxCodeDetails>
   <TaxCodeDetails>
    <TaxCode>IGE-U10</TaxCode>
    <Description>Innergemeinschaftlicher Erwerb 10%</Description>
    <TaxPercentage>10.00</TaxPercentage>
   </TaxCodeDetails>
   <TaxCodeDetails>
    <TaxCode>IGE-U13</TaxCode>
    <Description>Innergemeinschaftlicher Erwerb 13%</Description>
    <TaxPercentage>13.00</TaxPercentage>
   </TaxCodeDetails>
   <TaxCodeDetails>
    <TaxCode>IGE-U20</TaxCode>
    <Description>Innergemeinschaftlicher Erwerb 20%</Description>
    <TaxPercentage>20.00</TaxPercentage>
   </TaxCodeDetails>
   <TaxCodeDetails>
    <TaxCode>IGE-U19</TaxCode>
    <Description>Innergemeinschaftlicher Erwerb 19% für Jungholz und Mittelberg</Description>
    <TaxPercentage>19.00</TaxPercentage>
   </TaxCodeDetails>
   <TaxCodeDetails>
    <TaxCode>IGE-NZV-EU</TaxCode>
    <Description>Innergemeinschaftlicher Erwerb, nicht zu versteuern</Description>
    <TaxPercentage>0.00</TaxPercentage>
   </TaxCodeDetails>
   <TaxCodeDetails>
    <TaxCode>IGE-NZV-IL</TaxCode>
    <Description>Innergemeinschaftlicher Erwerb, nicht zu versteuern</Description>
    <TaxPercentage>0.00</TaxPercentage>
   </TaxCodeDetails>
   <TaxCodeDetails>
    <TaxCode>IG-LEIS</TaxCode>
    <Description>Innergemeinschaftliche Leistungen (nicht ustbar)</Description>
    <TaxPercentage>0.00</TaxPercentage>
   </TaxCodeDetails>
   <TaxCodeDetails>
    <TaxCode>V10</TaxCode>
    <Description>Vorsteuer 10%</Description>
    <TaxPercentage>10.00</TaxPercentage>
   </TaxCodeDetails>
   <TaxCodeDetails>
    <TaxCode>V13</TaxCode>
    <Description>Vorsteuer 13%</Description>
    <TaxPercentage>13.00</TaxPercentage>
   </TaxCodeDetails>
   <TaxCodeDetails>
    <TaxCode>V20</TaxCode>
    <Description>Vorsteuer 20%</Description>
    <TaxPercentage>20.00</TaxPercentage>
   </TaxCodeDetails>
   <TaxCodeDetails>
    <TaxCode>EUST</TaxCode>
    <Description>Einfuhrumsatzsteuer</Description>
    <TaxPercentage>0.00</TaxPercentage>
   </TaxCodeDetails>
   <TaxCodeDetails>
    <TaxCode>EUST-FA</TaxCode>
    <Description>Einfuhrumsatzsteuer (auf dem Abgabenkonto verbuchte)</Description>
    <TaxPercentage>0.00</TaxPercentage>
   </TaxCodeDetails>
   <TaxCodeDetails>
    <TaxCode>IGE-V10</TaxCode>
    <Description>Vorsteuern aus dem innergemeinschaftlichen Erwerb</Description>
    <TaxPercentage>10.00</TaxPercentage>
   </TaxCodeDetails>
   <TaxCodeDetails>
    <TaxCode>IGE-V13</TaxCode>
    <Description>Vorsteuern aus dem innergemeinschaftlichen Erwerb</Description>
    <TaxPercentage>13.00</TaxPercentage>
   </TaxCodeDetails>
   <TaxCodeDetails>
    <TaxCode>IGE-V20</TaxCode>
    <Description>Vorsteuern aus dem innergemeinschaftlichen Erwerb</Description>
    <TaxPercentage>20.00</TaxPercentage>
   </TaxCodeDetails>
   <TaxCodeDetails>
    <TaxCode>IGE-V20*</TaxCode>
    <Description>Vorsteuern aus dem innergemeinschaftlichen Erwerb</Description>
    <TaxPercentage>0.00</TaxPercentage>
   </TaxCodeDetails>
   <TaxCodeDetails>
    <TaxCode>IGE-V19</TaxCode>
    <Description>Vorsteuern aus dem innergemeinschaftlichen Erwerb</Description>
    <TaxPercentage>19.00</TaxPercentage>
   </TaxCodeDetails>
   <TaxCodeDetails>
    <TaxCode>RC-V10</TaxCode>
    <Description>Vorsteuern gem. § 19 Abs. 1 (Reverse Charge) 10%</Description>
    <TaxPercentage>10.00</TaxPercentage>
   </TaxCodeDetails>
   <TaxCodeDetails>
    <TaxCode>RC-V13</TaxCode>
    <Description>Vorsteuern gem. § 19 Abs. 1 (Reverse Charge) 13%</Description>
    <TaxPercentage>13.00</TaxPercentage>
   </TaxCodeDetails>
   <TaxCodeDetails>
    <TaxCode>RC-V20</TaxCode>
    <Description>Vorsteuern gem. § 19 Abs. 1 (Reverse Charge) 20%</Description>
    <TaxPercentage>20.00</TaxPercentage>
   </TaxCodeDetails>
   <TaxCodeDetails>
    <TaxCode>RC-V20*</TaxCode>
    <Description>Vorsteuern gem. § 19 Abs. 1 (Reverse Charge) 20%</Description>
    <TaxPercentage>0.00</TaxPercentage>
   </TaxCodeDetails>
   <TaxCodeDetails>
    <TaxCode>RC-V-BAUL</TaxCode>
    <Description>Vorsteuern gem. § 19 Abs. 1a (Bauleistungen)</Description>
    <TaxPercentage>20.00</TaxPercentage>
   </TaxCodeDetails>
   <TaxCodeDetails>
    <TaxCode>RC-V-SICH</TaxCode>
    <Description>Vorsteuern gem. § 19 Abs. 1b</Description>
    <TaxPercentage>20.00</TaxPercentage>
   </TaxCodeDetails>
   <TaxCodeDetails>
    <TaxCode>RC-V-SCHR</TaxCode>
    <Description>Vorsteuern gem. § 19 Abs. 1d (Schrott und Abfallstoffe etc.)</Description>
    <TaxPercentage>20.00</TaxPercentage>
   </TaxCodeDetails>
   <TaxCodeDetails>
    <TaxCode>V-FZG</TaxCode>
    <Description>Vorsteuern für innergemeinschaftliche Fahrzeuglieferungen</Description>
    <TaxPercentage>20.00</TaxPercentage>
   </TaxCodeDetails>
   <TaxCodeDetails>
    <TaxCode>V-NABZ</TaxCode>
    <Description>Vorsteuer nicht abzugsfähig</Description>
    <TaxPercentage>0.00</TaxPercentage>
   </TaxCodeDetails>
   <TaxCodeDetails>
    <TaxCode>KORR§12</TaxCode>
    <Description>Vorsteuern zu berichtigen nach § 12</Description>
    <TaxPercentage>0.00</TaxPercentage>
   </TaxCodeDetails>
   <TaxCodeDetails>
    <TaxCode>KORR§16</TaxCode>
    <Description>Vorsteuern zu berichtigen nach § 16</Description>
    <TaxPercentage>0.00</TaxPercentage>
   </TaxCodeDetails>
  </TaxTable>
 </MasterFiles>
 <GeneralLedgerEntries>
  <NumberOfEntries>2</NumberOfEntries>
  <TotalDebit>302.36</TotalDebit>
  <TotalCredit>302.36</TotalCredit>
  <Journal>
   <JournalID>1</JournalID>
   <Description>Journal 1</Description>
   <Type>Transaction</Type>
   <Transaction>
    <GLPostingDate>2018-12-31</GLPostingDate>
    <TransactionDate>2018-12-31</TransactionDate>
    <Period>12</Period>
    <TransactionID>0</TransactionID>
    <Description>Afa Handy Apple Iphone8 64GB</Description>
    <Line>
     <RecordID>0</RecordID>
     <AccountID>7040</AccountID>
     <PostingText>Abschreibung für Sachanlagevermögen (AfA)</PostingText>
     <Analysis/>
     <SourceDocumentID>Abschlussbuchung</SourceDocumentID>
     <SystemEntryDate>2018-12-31</SystemEntryDate>
     <DebitAmount>238.61</DebitAmount>
    </Line>
    <Line>
     <RecordID>0</RecordID>
     <AccountID>0620</AccountID>
     <PostingText>Büromaschinen, EDV Anlagen</PostingText>
     <Analysis/>
     <SourceDocumentID>Abschlussbuchung</SourceDocumentID>
     <SystemEntryDate>2018-12-31</SystemEntryDate>
     <CreditAmount>238.61</CreditAmount>
    </Line>
   </Transaction>
   <Transaction>
    <GLPostingDate>2018-02-28</GLPostingDate>
    <TransactionDate>2018-02-28</TransactionDate>
    <Period>2</Period>
    <TransactionID>3</TransactionID>
    <Description>Sammelbuchung Spesen PayPal USD Februar</Description>
    <Line>
     <RecordID>3</RecordID>
     <AccountID>7790</AccountID>
     <PostingText>Aufwand Spesen des Geldverkehrs</PostingText>
     <Analysis/>
     <SourceDocumentID>PayPal Kontoauszug Februar</SourceDocumentID>
     <SystemEntryDate>2018-02-28</SystemEntryDate>
     <DebitAmount>63.75</DebitAmount>
     <Currency>
      <CurrencyCode>USD</CurrencyCode>
      <CurrencyDebitAmount>77.86</CurrencyDebitAmount>
     </Currency>
    </Line>
    <Line>
     <RecordID>3</RecordID>
     <AccountID>2820</AccountID>
     <PostingText>PayPalKtoUSD</PostingText>
     <Analysis/>
     <SourceDocumentID>PayPal Kontoauszug Februar</SourceDocumentID>
     <SystemEntryDate>2018-02-28</SystemEntryDate>
     <CreditAmount>63.75</CreditAmount>
     <Currency>
      <CurrencyCode>USD</CurrencyCode>
      <CurrencyCreditAmount>77.86</CurrencyCreditAmount>
     </Currency>
    </Line>
   </Transaction>
  </Journal>
 </GeneralLedgerEntries>
</AuditFile>
