<?xml version="1.0" encoding="UTF-8"?>

<!-- edited with XMLSPY v2004 rel. 3 U (http://www.xmlspy.com) by Steven Baker (Ambriel Consulting Ltd) --><!--Sample XML file generated by XMLSPY v2004 rel. 3 U (http://www.xmlspy.com)-->
<AuditFile xmlns='urn:OECD:StandardAuditFile-Tax:1.00_01' xmlns:xsi='http://www.w3.org/2001/XMLSchema-instance' xsi:schemaLocation='urn:OECD:StandardAuditFile-Tax:1.00_01 ../schemas/SAF-T.xsd' xmlns:doc='urn:schemas-basda-org:schema-extensions:documentation'>
  <Header>
    <AuditFileVersion>String</AuditFileVersion>
    <CompanyID>String</CompanyID>
    <TaxRegistrationNumber>String</TaxRegistrationNumber>
    <TaxAccountingBasis>String</TaxAccountingBasis>
    <CompanyName>String</CompanyName>
    <CompanyAddress>
      <BuildingNumber>String</BuildingNumber>
      <StreetName>String</StreetName>
      <AddressDetail>String</AddressDetail>
      <City>String</City>
      <PostalCode>String</PostalCode>
      <Region>String</Region>
      <Country>String</Country>
    </CompanyAddress>
    <TaxEntity>String</TaxEntity>
    <FiscalYear>String</FiscalYear>
    <StartDate>1967-08-13</StartDate>
    <EndDate>1967-08-13</EndDate>
    <CurrencyCode>String</CurrencyCode>
    <DateCreated>1967-08-13</DateCreated>
    <ProductID>String</ProductID>
    <ProductVersion>String</ProductVersion>
    <Taxonomy>String</Taxonomy>
    <HeaderComment>String</HeaderComment>
  </Header>
  <MasterFiles>
    <GeneralLedger>
      <AccountID>String</AccountID>
      <AccountDescription>String</AccountDescription>
      <AccountType>String</AccountType>
      <LeadCode>String</LeadCode>
      <LeadDescription>String</LeadDescription>
      <OpeningDebitBalance>3.1415926535897932384626433832795</OpeningDebitBalance>
    </GeneralLedger>
    <GeneralLedger>
      <AccountID>String</AccountID>
      <AccountDescription>String</AccountDescription>
      <AccountType>String</AccountType>
      <LeadCode>String</LeadCode>
      <LeadDescription>String</LeadDescription>
      <OpeningDebitBalance>3.1415926535897932384626433832795</OpeningDebitBalance>
    </GeneralLedger>
  </MasterFiles>
  <GeneralLedgerEntries>
    <NumberOfEntries>0</NumberOfEntries>
    <TotalDebit>3.1415926535897932384626433832795</TotalDebit>
    <Journal>
      <JournalID>String</JournalID>
      <Description>String</Description>
      <Type>String</Type>
      <Transaction>
        <TransactionID>String</TransactionID>
        <Period>String</Period>
        <TransactionDate>1967-08-13</TransactionDate>
        <SourceID>String</SourceID>
        <Description>String</Description>
        <BatchID>String</BatchID>
        <GLPostingDate>1967-08-13</GLPostingDate>
        <CustomerID>String</CustomerID>
        <SupplierID>String</SupplierID>
        <SystemID>String</SystemID>
        <Line>
          <RecordID>String</RecordID>
          <AccountID>String</AccountID>
          <Analysis>
            <AnalysisID>String</AnalysisID>
            <Description>String</Description>
          </Analysis>
          <Analysis>
            <AnalysisID>String</AnalysisID>
            <Description>String</Description>
          </Analysis>
          <SourceDocumentID>String</SourceDocumentID>
          <SystemEntryDate>1967-08-13</SystemEntryDate>
          <Description>String</Description>
          <DebitAmount>3.1415926535897932384626433832795</DebitAmount>
          <Tax>
            <TaxType>String</TaxType>
            <TaxCode>String</TaxCode>
            <Currency>
              <CurrencyCode>String</CurrencyCode>
              <ExchangeRate CalculationType='D' />
            </Currency>
            <TaxPercentage>3.1415926535897932384626433832795</TaxPercentage>
            <TaxAmount>3.1415926535897932384626433832795</TaxAmount>
            <TaxExemptionReason>String</TaxExemptionReason>
            <SysInfo>String</SysInfo>
          </Tax>
          <Tax>
            <TaxType>String</TaxType>
            <TaxCode>String</TaxCode>
            <Currency>
              <CurrencyCode>String</CurrencyCode>
              <ExchangeRate CalculationType='D' />
            </Currency>
            <TaxPercentage>3.1415926535897932384626433832795</TaxPercentage>
            <TaxAmount>3.1415926535897932384626433832795</TaxAmount>
            <TaxExemptionReason>String</TaxExemptionReason>
            <SysInfo>String</SysInfo>
          </Tax>
          <Currency>
            <CurrencyCode>String</CurrencyCode>
            <ExchangeRate CalculationType='D' />
          </Currency>
        </Line>
        <Line>
          <RecordID>String</RecordID>
          <AccountID>String</AccountID>
          <Analysis>
            <AnalysisID>String</AnalysisID>
            <Description>String</Description>
          </Analysis>
          <Analysis>
            <AnalysisID>String</AnalysisID>
            <Description>String</Description>
          </Analysis>
          <SourceDocumentID>String</SourceDocumentID>
          <SystemEntryDate>1967-08-13</SystemEntryDate>
          <Description>String</Description>
          <DebitAmount>3.1415926535897932384626433832795</DebitAmount>
          <Tax>
            <TaxType>String</TaxType>
            <TaxCode>String</TaxCode>
            <Currency>
              <CurrencyCode>String</CurrencyCode>
              <ExchangeRate CalculationType='D' />
            </Currency>
            <TaxPercentage>3.1415926535897932384626433832795</TaxPercentage>
            <TaxAmount>3.1415926535897932384626433832795</TaxAmount>
            <TaxExemptionReason>String</TaxExemptionReason>
            <SysInfo>String</SysInfo>
          </Tax>
          <Tax>
            <TaxType>String</TaxType>
            <TaxCode>String</TaxCode>
            <Currency>
              <CurrencyCode>String</CurrencyCode>
              <ExchangeRate CalculationType='D' />
            </Currency>
            <TaxPercentage>3.1415926535897932384626433832795</TaxPercentage>
            <TaxAmount>3.1415926535897932384626433832795</TaxAmount>
            <TaxExemptionReason>String</TaxExemptionReason>
            <SysInfo>String</SysInfo>
          </Tax>
          <Currency>
            <CurrencyCode>String</CurrencyCode>
            <ExchangeRate CalculationType='D' />
          </Currency>
        </Line>
      </Transaction>
      <Transaction>
        <TransactionID>String</TransactionID>
        <Period>String</Period>
        <TransactionDate>1967-08-13</TransactionDate>
        <SourceID>String</SourceID>
        <Description>String</Description>
        <BatchID>String</BatchID>
        <GLPostingDate>1967-08-13</GLPostingDate>
        <CustomerID>String</CustomerID>
        <SupplierID>String</SupplierID>
        <SystemID>String</SystemID>
        <Line>
          <RecordID>String</RecordID>
          <AccountID>String</AccountID>
          <Analysis>
            <AnalysisID>String</AnalysisID>
            <Description>String</Description>
          </Analysis>
          <Analysis>
            <AnalysisID>String</AnalysisID>
            <Description>String</Description>
          </Analysis>
          <SourceDocumentID>String</SourceDocumentID>
          <SystemEntryDate>1967-08-13</SystemEntryDate>
          <Description>String</Description>
          <DebitAmount>3.1415926535897932384626433832795</DebitAmount>
          <Tax>
            <TaxType>String</TaxType>
            <TaxCode>String</TaxCode>
            <Currency>
              <CurrencyCode>String</CurrencyCode>
              <ExchangeRate CalculationType='D' />
            </Currency>
            <TaxPercentage>3.1415926535897932384626433832795</TaxPercentage>
            <TaxAmount>3.1415926535897932384626433832795</TaxAmount>
            <TaxExemptionReason>String</TaxExemptionReason>
            <SysInfo>String</SysInfo>
          </Tax>
          <Tax>
            <TaxType>String</TaxType>
            <TaxCode>String</TaxCode>
            <Currency>
              <CurrencyCode>String</CurrencyCode>
              <ExchangeRate CalculationType='D' />
            </Currency>
            <TaxPercentage>3.1415926535897932384626433832795</TaxPercentage>
            <TaxAmount>3.1415926535897932384626433832795</TaxAmount>
            <TaxExemptionReason>String</TaxExemptionReason>
            <SysInfo>String</SysInfo>
          </Tax>
          <Currency>
            <CurrencyCode>String</CurrencyCode>
            <ExchangeRate CalculationType='D' />
          </Currency>
        </Line>
        <Line>
          <RecordID>String</RecordID>
          <AccountID>String</AccountID>
          <Analysis>
            <AnalysisID>String</AnalysisID>
            <Description>String</Description>
          </Analysis>
          <Analysis>
            <AnalysisID>String</AnalysisID>
            <Description>String</Description>
          </Analysis>
          <SourceDocumentID>String</SourceDocumentID>
          <SystemEntryDate>1967-08-13</SystemEntryDate>
          <Description>String</Description>
          <DebitAmount>3.1415926535897932384626433832795</DebitAmount>
          <Tax>
            <TaxType>String</TaxType>
            <TaxCode>String</TaxCode>
            <Currency>
              <CurrencyCode>String</CurrencyCode>
              <ExchangeRate CalculationType='D' />
            </Currency>
            <TaxPercentage>3.1415926535897932384626433832795</TaxPercentage>
            <TaxAmount>3.1415926535897932384626433832795</TaxAmount>
            <TaxExemptionReason>String</TaxExemptionReason>
            <SysInfo>String</SysInfo>
          </Tax>
          <Tax>
            <TaxType>String</TaxType>
            <TaxCode>String</TaxCode>
            <Currency>
              <CurrencyCode>String</CurrencyCode>
              <ExchangeRate CalculationType='D' />
            </Currency>
            <TaxPercentage>3.1415926535897932384626433832795</TaxPercentage>
            <TaxAmount>3.1415926535897932384626433832795</TaxAmount>
            <TaxExemptionReason>String</TaxExemptionReason>
            <SysInfo>String</SysInfo>
          </Tax>
          <Currency>
            <CurrencyCode>String</CurrencyCode>
            <ExchangeRate CalculationType='D' />
          </Currency>
        </Line>
      </Transaction>
    </Journal>
    <Journal>
      <JournalID>String</JournalID>
      <Description>String</Description>
      <Type>String</Type>
      <Transaction>
        <TransactionID>String</TransactionID>
        <Period>String</Period>
        <TransactionDate>1967-08-13</TransactionDate>
        <SourceID>String</SourceID>
        <Description>String</Description>
        <BatchID>String</BatchID>
        <GLPostingDate>1967-08-13</GLPostingDate>
        <CustomerID>String</CustomerID>
        <SupplierID>String</SupplierID>
        <SystemID>String</SystemID>
        <Line>
          <RecordID>String</RecordID>
          <AccountID>String</AccountID>
          <Analysis>
            <AnalysisID>String</AnalysisID>
            <Description>String</Description>
          </Analysis>
          <Analysis>
            <AnalysisID>String</AnalysisID>
            <Description>String</Description>
          </Analysis>
          <SourceDocumentID>String</SourceDocumentID>
          <SystemEntryDate>1967-08-13</SystemEntryDate>
          <Description>String</Description>
          <DebitAmount>3.1415926535897932384626433832795</DebitAmount>
          <Tax>
            <TaxType>String</TaxType>
            <TaxCode>String</TaxCode>
            <Currency>
              <CurrencyCode>String</CurrencyCode>
              <ExchangeRate CalculationType='D' />
            </Currency>
            <TaxPercentage>3.1415926535897932384626433832795</TaxPercentage>
            <TaxAmount>3.1415926535897932384626433832795</TaxAmount>
            <TaxExemptionReason>String</TaxExemptionReason>
            <SysInfo>String</SysInfo>
          </Tax>
          <Tax>
            <TaxType>String</TaxType>
            <TaxCode>String</TaxCode>
            <Currency>
              <CurrencyCode>String</CurrencyCode>
              <ExchangeRate CalculationType='D' />
            </Currency>
            <TaxPercentage>3.1415926535897932384626433832795</TaxPercentage>
            <TaxAmount>3.1415926535897932384626433832795</TaxAmount>
            <TaxExemptionReason>String</TaxExemptionReason>
            <SysInfo>String</SysInfo>
          </Tax>
          <Currency>
            <CurrencyCode>String</CurrencyCode>
            <ExchangeRate CalculationType='D' />
          </Currency>
        </Line>
        <Line>
          <RecordID>String</RecordID>
          <AccountID>String</AccountID>
          <Analysis>
            <AnalysisID>String</AnalysisID>
            <Description>String</Description>
          </Analysis>
          <Analysis>
            <AnalysisID>String</AnalysisID>
            <Description>String</Description>
          </Analysis>
          <SourceDocumentID>String</SourceDocumentID>
          <SystemEntryDate>1967-08-13</SystemEntryDate>
          <Description>String</Description>
          <DebitAmount>3.1415926535897932384626433832795</DebitAmount>
          <Tax>
            <TaxType>String</TaxType>
            <TaxCode>String</TaxCode>
            <Currency>
              <CurrencyCode>String</CurrencyCode>
              <ExchangeRate CalculationType='D' />
            </Currency>
            <TaxPercentage>3.1415926535897932384626433832795</TaxPercentage>
            <TaxAmount>3.1415926535897932384626433832795</TaxAmount>
            <TaxExemptionReason>String</TaxExemptionReason>
            <SysInfo>String</SysInfo>
          </Tax>
          <Tax>
            <TaxType>String</TaxType>
            <TaxCode>String</TaxCode>
            <Currency>
              <CurrencyCode>String</CurrencyCode>
              <ExchangeRate CalculationType='D' />
            </Currency>
            <TaxPercentage>3.1415926535897932384626433832795</TaxPercentage>
            <TaxAmount>3.1415926535897932384626433832795</TaxAmount>
            <TaxExemptionReason>String</TaxExemptionReason>
            <SysInfo>String</SysInfo>
          </Tax>
          <Currency>
            <CurrencyCode>String</CurrencyCode>
            <ExchangeRate CalculationType='D' />
          </Currency>
        </Line>
      </Transaction>
      <Transaction>
        <TransactionID>String</TransactionID>
        <Period>String</Period>
        <TransactionDate>1967-08-13</TransactionDate>
        <SourceID>String</SourceID>
        <Description>String</Description>
        <BatchID>String</BatchID>
        <GLPostingDate>1967-08-13</GLPostingDate>
        <CustomerID>String</CustomerID>
        <SupplierID>String</SupplierID>
        <SystemID>String</SystemID>
        <Line>
          <RecordID>String</RecordID>
          <AccountID>String</AccountID>
          <Analysis>
            <AnalysisID>String</AnalysisID>
            <Description>String</Description>
          </Analysis>
          <Analysis>
            <AnalysisID>String</AnalysisID>
            <Description>String</Description>
          </Analysis>
          <SourceDocumentID>String</SourceDocumentID>
          <SystemEntryDate>1967-08-13</SystemEntryDate>
          <Description>String</Description>
          <DebitAmount>3.1415926535897932384626433832795</DebitAmount>
          <Tax>
            <TaxType>String</TaxType>
            <TaxCode>String</TaxCode>
            <Currency>
              <CurrencyCode>String</CurrencyCode>
              <ExchangeRate CalculationType='D' />
            </Currency>
            <TaxPercentage>3.1415926535897932384626433832795</TaxPercentage>
            <TaxAmount>3.1415926535897932384626433832795</TaxAmount>
            <TaxExemptionReason>String</TaxExemptionReason>
            <SysInfo>String</SysInfo>
          </Tax>
          <Tax>
            <TaxType>String</TaxType>
            <TaxCode>String</TaxCode>
            <Currency>
              <CurrencyCode>String</CurrencyCode>
              <ExchangeRate CalculationType='D' />
            </Currency>
            <TaxPercentage>3.1415926535897932384626433832795</TaxPercentage>
            <TaxAmount>3.1415926535897932384626433832795</TaxAmount>
            <TaxExemptionReason>String</TaxExemptionReason>
            <SysInfo>String</SysInfo>
          </Tax>
          <Currency>
            <CurrencyCode>String</CurrencyCode>
            <ExchangeRate CalculationType='D' />
          </Currency>
        </Line>
        <Line>
          <RecordID>String</RecordID>
          <AccountID>String</AccountID>
          <Analysis>
            <AnalysisID>String</AnalysisID>
            <Description>String</Description>
          </Analysis>
          <Analysis>
            <AnalysisID>String</AnalysisID>
            <Description>String</Description>
          </Analysis>
          <SourceDocumentID>String</SourceDocumentID>
          <SystemEntryDate>1967-08-13</SystemEntryDate>
          <Description>String</Description>
          <DebitAmount>3.1415926535897932384626433832795</DebitAmount>
          <Tax>
            <TaxType>String</TaxType>
            <TaxCode>String</TaxCode>
            <Currency>
              <CurrencyCode>String</CurrencyCode>
              <ExchangeRate CalculationType='D' />
            </Currency>
            <TaxPercentage>3.1415926535897932384626433832795</TaxPercentage>
            <TaxAmount>3.1415926535897932384626433832795</TaxAmount>
            <TaxExemptionReason>String</TaxExemptionReason>
            <SysInfo>String</SysInfo>
          </Tax>
          <Tax>
            <TaxType>String</TaxType>
            <TaxCode>String</TaxCode>
            <Currency>
              <CurrencyCode>String</CurrencyCode>
              <ExchangeRate CalculationType='D' />
            </Currency>
            <TaxPercentage>3.1415926535897932384626433832795</TaxPercentage>
            <TaxAmount>3.1415926535897932384626433832795</TaxAmount>
            <TaxExemptionReason>String</TaxExemptionReason>
            <SysInfo>String</SysInfo>
          </Tax>
          <Currency>
            <CurrencyCode>String</CurrencyCode>
            <ExchangeRate CalculationType='D' />
          </Currency>
        </Line>
      </Transaction>
    </Journal>
  </GeneralLedgerEntries>
  <SourceDocuments>
    <SalesInvoices>
      <NumberOfEntries>0</NumberOfEntries>
      <TotalDebit>3.1415926535897932384626433832795</TotalDebit>
      <Invoice>
        <InvoiceNo>String</InvoiceNo>
        <Period>String</Period>
        <InvoiceDate>1967-08-13</InvoiceDate>
        <InvoiceType>String</InvoiceType>
        <GLPostingDate>1967-08-13</GLPostingDate>
        <BatchID>String</BatchID>
        <SystemID>String</SystemID>
        <TransactionID>String</TransactionID>
        <Line>
          <LineNumber>0</LineNumber>
          <AccountID>String</AccountID>
          <Analysis>
            <AnalysisID>String</AnalysisID>
            <Description>String</Description>
          </Analysis>
          <Analysis>
            <AnalysisID>String</AnalysisID>
            <Description>String</Description>
          </Analysis>
          <CustomerID>String</CustomerID>
          <OrderReferences>
            <OriginatingON>String</OriginatingON>
            <OrderDate>1967-08-13</OrderDate>
          </OrderReferences>
          <OrderReferences>
            <OriginatingON>String</OriginatingON>
            <OrderDate>1967-08-13</OrderDate>
          </OrderReferences>
          <ShipTo>
            <DeliveryID>String</DeliveryID>
            <DeliveryDate>1967-08-13</DeliveryDate>
            <UCR>String</UCR>
            <Address>
              <BuildingNumber>String</BuildingNumber>
              <StreetName>String</StreetName>
              <AddressDetail>String</AddressDetail>
              <City>String</City>
              <PostalCode>String</PostalCode>
              <Region>String</Region>
              <Country>String</Country>
            </Address>
          </ShipTo>
          <ShipTo>
            <DeliveryID>String</DeliveryID>
            <DeliveryDate>1967-08-13</DeliveryDate>
            <UCR>String</UCR>
            <Address>
              <BuildingNumber>String</BuildingNumber>
              <StreetName>String</StreetName>
              <AddressDetail>String</AddressDetail>
              <City>String</City>
              <PostalCode>String</PostalCode>
              <Region>String</Region>
              <Country>String</Country>
            </Address>
          </ShipTo>
          <ShipFrom>
            <DeliveryID>String</DeliveryID>
            <DeliveryDate>1967-08-13</DeliveryDate>
            <UCR>String</UCR>
            <Address>
              <BuildingNumber>String</BuildingNumber>
              <StreetName>String</StreetName>
              <AddressDetail>String</AddressDetail>
              <City>String</City>
              <PostalCode>String</PostalCode>
              <Region>String</Region>
              <Country>String</Country>
            </Address>
          </ShipFrom>
          <ShipFrom>
            <DeliveryID>String</DeliveryID>
            <DeliveryDate>1967-08-13</DeliveryDate>
            <UCR>String</UCR>
            <Address>
              <BuildingNumber>String</BuildingNumber>
              <StreetName>String</StreetName>
              <AddressDetail>String</AddressDetail>
              <City>String</City>
              <PostalCode>String</PostalCode>
              <Region>String</Region>
              <Country>String</Country>
            </Address>
          </ShipFrom>
          <ProductCode>String</ProductCode>
          <ProductDescription>String</ProductDescription>
          <Quantity>String</Quantity>
          <UnitOfMeasure>String</UnitOfMeasure>
          <UnitPrice>3.1415926535897932384626433832795</UnitPrice>
          <TaxPointDate>1967-08-13</TaxPointDate>
          <References>
            <CreditNote>
              <Reference>String</Reference>
              <Reason>String</Reason>
            </CreditNote>
          </References>
          <Description>String</Description>
          <DebitAmount>3.1415926535897932384626433832795</DebitAmount>
          <Tax>
            <TaxType>String</TaxType>
            <TaxCode>String</TaxCode>
            <Currency>
              <CurrencyCode>String</CurrencyCode>
              <ExchangeRate CalculationType='D' />
            </Currency>
            <TaxPercentage>3.1415926535897932384626433832795</TaxPercentage>
            <TaxAmount>3.1415926535897932384626433832795</TaxAmount>
            <TaxExemptionReason>String</TaxExemptionReason>
            <SysInfo>String</SysInfo>
          </Tax>
          <Tax>
            <TaxType>String</TaxType>
            <TaxCode>String</TaxCode>
            <Currency>
              <CurrencyCode>String</CurrencyCode>
              <ExchangeRate CalculationType='D' />
            </Currency>
            <TaxPercentage>3.1415926535897932384626433832795</TaxPercentage>
            <TaxAmount>3.1415926535897932384626433832795</TaxAmount>
            <TaxExemptionReason>String</TaxExemptionReason>
            <SysInfo>String</SysInfo>
          </Tax>
          <Currency>
            <CurrencyCode>String</CurrencyCode>
            <ExchangeRate CalculationType='D' />
          </Currency>
        </Line>
        <Line>
          <LineNumber>0</LineNumber>
          <AccountID>String</AccountID>
          <Analysis>
            <AnalysisID>String</AnalysisID>
            <Description>String</Description>
          </Analysis>
          <Analysis>
            <AnalysisID>String</AnalysisID>
            <Description>String</Description>
          </Analysis>
          <CustomerID>String</CustomerID>
          <OrderReferences>
            <OriginatingON>String</OriginatingON>
            <OrderDate>1967-08-13</OrderDate>
          </OrderReferences>
          <OrderReferences>
            <OriginatingON>String</OriginatingON>
            <OrderDate>1967-08-13</OrderDate>
          </OrderReferences>
          <ShipTo>
            <DeliveryID>String</DeliveryID>
            <DeliveryDate>1967-08-13</DeliveryDate>
            <UCR>String</UCR>
            <Address>
              <BuildingNumber>String</BuildingNumber>
              <StreetName>String</StreetName>
              <AddressDetail>String</AddressDetail>
              <City>String</City>
              <PostalCode>String</PostalCode>
              <Region>String</Region>
              <Country>String</Country>
            </Address>
          </ShipTo>
          <ShipTo>
            <DeliveryID>String</DeliveryID>
            <DeliveryDate>1967-08-13</DeliveryDate>
            <UCR>String</UCR>
            <Address>
              <BuildingNumber>String</BuildingNumber>
              <StreetName>String</StreetName>
              <AddressDetail>String</AddressDetail>
              <City>String</City>
              <PostalCode>String</PostalCode>
              <Region>String</Region>
              <Country>String</Country>
            </Address>
          </ShipTo>
          <ShipFrom>
            <DeliveryID>String</DeliveryID>
            <DeliveryDate>1967-08-13</DeliveryDate>
            <UCR>String</UCR>
            <Address>
              <BuildingNumber>String</BuildingNumber>
              <StreetName>String</StreetName>
              <AddressDetail>String</AddressDetail>
              <City>String</City>
              <PostalCode>String</PostalCode>
              <Region>String</Region>
              <Country>String</Country>
            </Address>
          </ShipFrom>
          <ShipFrom>
            <DeliveryID>String</DeliveryID>
            <DeliveryDate>1967-08-13</DeliveryDate>
            <UCR>String</UCR>
            <Address>
              <BuildingNumber>String</BuildingNumber>
              <StreetName>String</StreetName>
              <AddressDetail>String</AddressDetail>
              <City>String</City>
              <PostalCode>String</PostalCode>
              <Region>String</Region>
              <Country>String</Country>
            </Address>
          </ShipFrom>
          <ProductCode>String</ProductCode>
          <ProductDescription>String</ProductDescription>
          <Quantity>String</Quantity>
          <UnitOfMeasure>String</UnitOfMeasure>
          <UnitPrice>3.1415926535897932384626433832795</UnitPrice>
          <TaxPointDate>1967-08-13</TaxPointDate>
          <References>
            <CreditNote>
              <Reference>String</Reference>
              <Reason>String</Reason>
            </CreditNote>
          </References>
          <Description>String</Description>
          <DebitAmount>3.1415926535897932384626433832795</DebitAmount>
          <Tax>
            <TaxType>String</TaxType>
            <TaxCode>String</TaxCode>
            <Currency>
              <CurrencyCode>String</CurrencyCode>
              <ExchangeRate CalculationType='D' />
            </Currency>
            <TaxPercentage>3.1415926535897932384626433832795</TaxPercentage>
            <TaxAmount>3.1415926535897932384626433832795</TaxAmount>
            <TaxExemptionReason>String</TaxExemptionReason>
            <SysInfo>String</SysInfo>
          </Tax>
          <Tax>
            <TaxType>String</TaxType>
            <TaxCode>String</TaxCode>
            <Currency>
              <CurrencyCode>String</CurrencyCode>
              <ExchangeRate CalculationType='D' />
            </Currency>
            <TaxPercentage>3.1415926535897932384626433832795</TaxPercentage>
            <TaxAmount>3.1415926535897932384626433832795</TaxAmount>
            <TaxExemptionReason>String</TaxExemptionReason>
            <SysInfo>String</SysInfo>
          </Tax>
          <Currency>
            <CurrencyCode>String</CurrencyCode>
            <ExchangeRate CalculationType='D' />
          </Currency>
        </Line>
        <DocumentTotals>
          <TaxPayable>3.1415926535897932384626433832795</TaxPayable>
          <NetTotal>3.1415926535897932384626433832795</NetTotal>
          <GrossTotal>3.1415926535897932384626433832795</GrossTotal>
          <Currency>
            <CurrencyCode>String</CurrencyCode>
            <ExchangeRate CalculationType='D' />
          </Currency>
          <Settlement>
            <SettlementDiscount>String</SettlementDiscount>
            <SettlementAmount>3.1415926535897932384626433832795</SettlementAmount>
            <SettlementDate>1967-08-13</SettlementDate>
            <PaymentMechanism>String</PaymentMechanism>
          </Settlement>
        </DocumentTotals>
      </Invoice>
      <Invoice>
        <InvoiceNo>String</InvoiceNo>
        <Period>String</Period>
        <InvoiceDate>1967-08-13</InvoiceDate>
        <InvoiceType>String</InvoiceType>
        <GLPostingDate>1967-08-13</GLPostingDate>
        <BatchID>String</BatchID>
        <SystemID>String</SystemID>
        <TransactionID>String</TransactionID>
        <Line>
          <LineNumber>0</LineNumber>
          <AccountID>String</AccountID>
          <Analysis>
            <AnalysisID>String</AnalysisID>
            <Description>String</Description>
          </Analysis>
          <Analysis>
            <AnalysisID>String</AnalysisID>
            <Description>String</Description>
          </Analysis>
          <CustomerID>String</CustomerID>
          <OrderReferences>
            <OriginatingON>String</OriginatingON>
            <OrderDate>1967-08-13</OrderDate>
          </OrderReferences>
          <OrderReferences>
            <OriginatingON>String</OriginatingON>
            <OrderDate>1967-08-13</OrderDate>
          </OrderReferences>
          <ShipTo>
            <DeliveryID>String</DeliveryID>
            <DeliveryDate>1967-08-13</DeliveryDate>
            <UCR>String</UCR>
            <Address>
              <BuildingNumber>String</BuildingNumber>
              <StreetName>String</StreetName>
              <AddressDetail>String</AddressDetail>
              <City>String</City>
              <PostalCode>String</PostalCode>
              <Region>String</Region>
              <Country>String</Country>
            </Address>
          </ShipTo>
          <ShipTo>
            <DeliveryID>String</DeliveryID>
            <DeliveryDate>1967-08-13</DeliveryDate>
            <UCR>String</UCR>
            <Address>
              <BuildingNumber>String</BuildingNumber>
              <StreetName>String</StreetName>
              <AddressDetail>String</AddressDetail>
              <City>String</City>
              <PostalCode>String</PostalCode>
              <Region>String</Region>
              <Country>String</Country>
            </Address>
          </ShipTo>
          <ShipFrom>
            <DeliveryID>String</DeliveryID>
            <DeliveryDate>1967-08-13</DeliveryDate>
            <UCR>String</UCR>
            <Address>
              <BuildingNumber>String</BuildingNumber>
              <StreetName>String</StreetName>
              <AddressDetail>String</AddressDetail>
              <City>String</City>
              <PostalCode>String</PostalCode>
              <Region>String</Region>
              <Country>String</Country>
            </Address>
          </ShipFrom>
          <ShipFrom>
            <DeliveryID>String</DeliveryID>
            <DeliveryDate>1967-08-13</DeliveryDate>
            <UCR>String</UCR>
            <Address>
              <BuildingNumber>String</BuildingNumber>
              <StreetName>String</StreetName>
              <AddressDetail>String</AddressDetail>
              <City>String</City>
              <PostalCode>String</PostalCode>
              <Region>String</Region>
              <Country>String</Country>
            </Address>
          </ShipFrom>
          <ProductCode>String</ProductCode>
          <ProductDescription>String</ProductDescription>
          <Quantity>String</Quantity>
          <UnitOfMeasure>String</UnitOfMeasure>
          <UnitPrice>3.1415926535897932384626433832795</UnitPrice>
          <TaxPointDate>1967-08-13</TaxPointDate>
          <References>
            <CreditNote>
              <Reference>String</Reference>
              <Reason>String</Reason>
            </CreditNote>
          </References>
          <Description>String</Description>
          <DebitAmount>3.1415926535897932384626433832795</DebitAmount>
          <Tax>
            <TaxType>String</TaxType>
            <TaxCode>String</TaxCode>
            <Currency>
              <CurrencyCode>String</CurrencyCode>
              <ExchangeRate CalculationType='D' />
            </Currency>
            <TaxPercentage>3.1415926535897932384626433832795</TaxPercentage>
            <TaxAmount>3.1415926535897932384626433832795</TaxAmount>
            <TaxExemptionReason>String</TaxExemptionReason>
            <SysInfo>String</SysInfo>
          </Tax>
          <Tax>
            <TaxType>String</TaxType>
            <TaxCode>String</TaxCode>
            <Currency>
              <CurrencyCode>String</CurrencyCode>
              <ExchangeRate CalculationType='D' />
            </Currency>
            <TaxPercentage>3.1415926535897932384626433832795</TaxPercentage>
            <TaxAmount>3.1415926535897932384626433832795</TaxAmount>
            <TaxExemptionReason>String</TaxExemptionReason>
            <SysInfo>String</SysInfo>
          </Tax>
          <Currency>
            <CurrencyCode>String</CurrencyCode>
            <ExchangeRate CalculationType='D' />
          </Currency>
        </Line>
        <Line>
          <LineNumber>0</LineNumber>
          <AccountID>String</AccountID>
          <Analysis>
            <AnalysisID>String</AnalysisID>
            <Description>String</Description>
          </Analysis>
          <Analysis>
            <AnalysisID>String</AnalysisID>
            <Description>String</Description>
          </Analysis>
          <CustomerID>String</CustomerID>
          <OrderReferences>
            <OriginatingON>String</OriginatingON>
            <OrderDate>1967-08-13</OrderDate>
          </OrderReferences>
          <OrderReferences>
            <OriginatingON>String</OriginatingON>
            <OrderDate>1967-08-13</OrderDate>
          </OrderReferences>
          <ShipTo>
            <DeliveryID>String</DeliveryID>
            <DeliveryDate>1967-08-13</DeliveryDate>
            <UCR>String</UCR>
            <Address>
              <BuildingNumber>String</BuildingNumber>
              <StreetName>String</StreetName>
              <AddressDetail>String</AddressDetail>
              <City>String</City>
              <PostalCode>String</PostalCode>
              <Region>String</Region>
              <Country>String</Country>
            </Address>
          </ShipTo>
          <ShipTo>
            <DeliveryID>String</DeliveryID>
            <DeliveryDate>1967-08-13</DeliveryDate>
            <UCR>String</UCR>
            <Address>
              <BuildingNumber>String</BuildingNumber>
              <StreetName>String</StreetName>
              <AddressDetail>String</AddressDetail>
              <City>String</City>
              <PostalCode>String</PostalCode>
              <Region>String</Region>
              <Country>String</Country>
            </Address>
          </ShipTo>
          <ShipFrom>
            <DeliveryID>String</DeliveryID>
            <DeliveryDate>1967-08-13</DeliveryDate>
            <UCR>String</UCR>
            <Address>
              <BuildingNumber>String</BuildingNumber>
              <StreetName>String</StreetName>
              <AddressDetail>String</AddressDetail>
              <City>String</City>
              <PostalCode>String</PostalCode>
              <Region>String</Region>
              <Country>String</Country>
            </Address>
          </ShipFrom>
          <ShipFrom>
            <DeliveryID>String</DeliveryID>
            <DeliveryDate>1967-08-13</DeliveryDate>
            <UCR>String</UCR>
            <Address>
              <BuildingNumber>String</BuildingNumber>
              <StreetName>String</StreetName>
              <AddressDetail>String</AddressDetail>
              <City>String</City>
              <PostalCode>String</PostalCode>
              <Region>String</Region>
              <Country>String</Country>
            </Address>
          </ShipFrom>
          <ProductCode>String</ProductCode>
          <ProductDescription>String</ProductDescription>
          <Quantity>String</Quantity>
          <UnitOfMeasure>String</UnitOfMeasure>
          <UnitPrice>3.1415926535897932384626433832795</UnitPrice>
          <TaxPointDate>1967-08-13</TaxPointDate>
          <References>
            <CreditNote>
              <Reference>String</Reference>
              <Reason>String</Reason>
            </CreditNote>
          </References>
          <Description>String</Description>
          <DebitAmount>3.1415926535897932384626433832795</DebitAmount>
          <Tax>
            <TaxType>String</TaxType>
            <TaxCode>String</TaxCode>
            <Currency>
              <CurrencyCode>String</CurrencyCode>
              <ExchangeRate CalculationType='D' />
            </Currency>
            <TaxPercentage>3.1415926535897932384626433832795</TaxPercentage>
            <TaxAmount>3.1415926535897932384626433832795</TaxAmount>
            <TaxExemptionReason>String</TaxExemptionReason>
            <SysInfo>String</SysInfo>
          </Tax>
          <Tax>
            <TaxType>String</TaxType>
            <TaxCode>String</TaxCode>
            <Currency>
              <CurrencyCode>String</CurrencyCode>
              <ExchangeRate CalculationType='D' />
            </Currency>
            <TaxPercentage>3.1415926535897932384626433832795</TaxPercentage>
            <TaxAmount>3.1415926535897932384626433832795</TaxAmount>
            <TaxExemptionReason>String</TaxExemptionReason>
            <SysInfo>String</SysInfo>
          </Tax>
          <Currency>
            <CurrencyCode>String</CurrencyCode>
            <ExchangeRate CalculationType='D' />
          </Currency>
        </Line>
        <DocumentTotals>
          <TaxPayable>3.1415926535897932384626433832795</TaxPayable>
          <NetTotal>3.1415926535897932384626433832795</NetTotal>
          <GrossTotal>3.1415926535897932384626433832795</GrossTotal>
          <Currency>
            <CurrencyCode>String</CurrencyCode>
            <ExchangeRate CalculationType='D' />
          </Currency>
          <Settlement>
            <SettlementDiscount>String</SettlementDiscount>
            <SettlementAmount>3.1415926535897932384626433832795</SettlementAmount>
            <SettlementDate>1967-08-13</SettlementDate>
            <PaymentMechanism>String</PaymentMechanism>
          </Settlement>
        </DocumentTotals>
      </Invoice>
    </SalesInvoices>
    <SalesInvoices>
      <NumberOfEntries>0</NumberOfEntries>
      <TotalDebit>3.1415926535897932384626433832795</TotalDebit>
      <Invoice>
        <InvoiceNo>String</InvoiceNo>
        <Period>String</Period>
        <InvoiceDate>1967-08-13</InvoiceDate>
        <InvoiceType>String</InvoiceType>
        <GLPostingDate>1967-08-13</GLPostingDate>
        <BatchID>String</BatchID>
        <SystemID>String</SystemID>
        <TransactionID>String</TransactionID>
        <Line>
          <LineNumber>0</LineNumber>
          <AccountID>String</AccountID>
          <Analysis>
            <AnalysisID>String</AnalysisID>
            <Description>String</Description>
          </Analysis>
          <Analysis>
            <AnalysisID>String</AnalysisID>
            <Description>String</Description>
          </Analysis>
          <CustomerID>String</CustomerID>
          <OrderReferences>
            <OriginatingON>String</OriginatingON>
            <OrderDate>1967-08-13</OrderDate>
          </OrderReferences>
          <OrderReferences>
            <OriginatingON>String</OriginatingON>
            <OrderDate>1967-08-13</OrderDate>
          </OrderReferences>
          <ShipTo>
            <DeliveryID>String</DeliveryID>
            <DeliveryDate>1967-08-13</DeliveryDate>
            <UCR>String</UCR>
            <Address>
              <BuildingNumber>String</BuildingNumber>
              <StreetName>String</StreetName>
              <AddressDetail>String</AddressDetail>
              <City>String</City>
              <PostalCode>String</PostalCode>
              <Region>String</Region>
              <Country>String</Country>
            </Address>
          </ShipTo>
          <ShipTo>
            <DeliveryID>String</DeliveryID>
            <DeliveryDate>1967-08-13</DeliveryDate>
            <UCR>String</UCR>
            <Address>
              <BuildingNumber>String</BuildingNumber>
              <StreetName>String</StreetName>
              <AddressDetail>String</AddressDetail>
              <City>String</City>
              <PostalCode>String</PostalCode>
              <Region>String</Region>
              <Country>String</Country>
            </Address>
          </ShipTo>
          <ShipFrom>
            <DeliveryID>String</DeliveryID>
            <DeliveryDate>1967-08-13</DeliveryDate>
            <UCR>String</UCR>
            <Address>
              <BuildingNumber>String</BuildingNumber>
              <StreetName>String</StreetName>
              <AddressDetail>String</AddressDetail>
              <City>String</City>
              <PostalCode>String</PostalCode>
              <Region>String</Region>
              <Country>String</Country>
            </Address>
          </ShipFrom>
          <ShipFrom>
            <DeliveryID>String</DeliveryID>
            <DeliveryDate>1967-08-13</DeliveryDate>
            <UCR>String</UCR>
            <Address>
              <BuildingNumber>String</BuildingNumber>
              <StreetName>String</StreetName>
              <AddressDetail>String</AddressDetail>
              <City>String</City>
              <PostalCode>String</PostalCode>
              <Region>String</Region>
              <Country>String</Country>
            </Address>
          </ShipFrom>
          <ProductCode>String</ProductCode>
          <ProductDescription>String</ProductDescription>
          <Quantity>String</Quantity>
          <UnitOfMeasure>String</UnitOfMeasure>
          <UnitPrice>3.1415926535897932384626433832795</UnitPrice>
          <TaxPointDate>1967-08-13</TaxPointDate>
          <References>
            <CreditNote>
              <Reference>String</Reference>
              <Reason>String</Reason>
            </CreditNote>
          </References>
          <Description>String</Description>
          <DebitAmount>3.1415926535897932384626433832795</DebitAmount>
          <Tax>
            <TaxType>String</TaxType>
            <TaxCode>String</TaxCode>
            <Currency>
              <CurrencyCode>String</CurrencyCode>
              <ExchangeRate CalculationType='D' />
            </Currency>
            <TaxPercentage>3.1415926535897932384626433832795</TaxPercentage>
            <TaxAmount>3.1415926535897932384626433832795</TaxAmount>
            <TaxExemptionReason>String</TaxExemptionReason>
            <SysInfo>String</SysInfo>
          </Tax>
          <Tax>
            <TaxType>String</TaxType>
            <TaxCode>String</TaxCode>
            <Currency>
              <CurrencyCode>String</CurrencyCode>
              <ExchangeRate CalculationType='D' />
            </Currency>
            <TaxPercentage>3.1415926535897932384626433832795</TaxPercentage>
            <TaxAmount>3.1415926535897932384626433832795</TaxAmount>
            <TaxExemptionReason>String</TaxExemptionReason>
            <SysInfo>String</SysInfo>
          </Tax>
          <Currency>
            <CurrencyCode>String</CurrencyCode>
            <ExchangeRate CalculationType='D' />
          </Currency>
        </Line>
        <Line>
          <LineNumber>0</LineNumber>
          <AccountID>String</AccountID>
          <Analysis>
            <AnalysisID>String</AnalysisID>
            <Description>String</Description>
          </Analysis>
          <Analysis>
            <AnalysisID>String</AnalysisID>
            <Description>String</Description>
          </Analysis>
          <CustomerID>String</CustomerID>
          <OrderReferences>
            <OriginatingON>String</OriginatingON>
            <OrderDate>1967-08-13</OrderDate>
          </OrderReferences>
          <OrderReferences>
            <OriginatingON>String</OriginatingON>
            <OrderDate>1967-08-13</OrderDate>
          </OrderReferences>
          <ShipTo>
            <DeliveryID>String</DeliveryID>
            <DeliveryDate>1967-08-13</DeliveryDate>
            <UCR>String</UCR>
            <Address>
              <BuildingNumber>String</BuildingNumber>
              <StreetName>String</StreetName>
              <AddressDetail>String</AddressDetail>
              <City>String</City>
              <PostalCode>String</PostalCode>
              <Region>String</Region>
              <Country>String</Country>
            </Address>
          </ShipTo>
          <ShipTo>
            <DeliveryID>String</DeliveryID>
            <DeliveryDate>1967-08-13</DeliveryDate>
            <UCR>String</UCR>
            <Address>
              <BuildingNumber>String</BuildingNumber>
              <StreetName>String</StreetName>
              <AddressDetail>String</AddressDetail>
              <City>String</City>
              <PostalCode>String</PostalCode>
              <Region>String</Region>
              <Country>String</Country>
            </Address>
          </ShipTo>
          <ShipFrom>
            <DeliveryID>String</DeliveryID>
            <DeliveryDate>1967-08-13</DeliveryDate>
            <UCR>String</UCR>
            <Address>
              <BuildingNumber>String</BuildingNumber>
              <StreetName>String</StreetName>
              <AddressDetail>String</AddressDetail>
              <City>String</City>
              <PostalCode>String</PostalCode>
              <Region>String</Region>
              <Country>String</Country>
            </Address>
          </ShipFrom>
          <ShipFrom>
            <DeliveryID>String</DeliveryID>
            <DeliveryDate>1967-08-13</DeliveryDate>
            <UCR>String</UCR>
            <Address>
              <BuildingNumber>String</BuildingNumber>
              <StreetName>String</StreetName>
              <AddressDetail>String</AddressDetail>
              <City>String</City>
              <PostalCode>String</PostalCode>
              <Region>String</Region>
              <Country>String</Country>
            </Address>
          </ShipFrom>
          <ProductCode>String</ProductCode>
          <ProductDescription>String</ProductDescription>
          <Quantity>String</Quantity>
          <UnitOfMeasure>String</UnitOfMeasure>
          <UnitPrice>3.1415926535897932384626433832795</UnitPrice>
          <TaxPointDate>1967-08-13</TaxPointDate>
          <References>
            <CreditNote>
              <Reference>String</Reference>
              <Reason>String</Reason>
            </CreditNote>
          </References>
          <Description>String</Description>
          <DebitAmount>3.1415926535897932384626433832795</DebitAmount>
          <Tax>
            <TaxType>String</TaxType>
            <TaxCode>String</TaxCode>
            <Currency>
              <CurrencyCode>String</CurrencyCode>
              <ExchangeRate CalculationType='D' />
            </Currency>
            <TaxPercentage>3.1415926535897932384626433832795</TaxPercentage>
            <TaxAmount>3.1415926535897932384626433832795</TaxAmount>
            <TaxExemptionReason>String</TaxExemptionReason>
            <SysInfo>String</SysInfo>
          </Tax>
          <Tax>
            <TaxType>String</TaxType>
            <TaxCode>String</TaxCode>
            <Currency>
              <CurrencyCode>String</CurrencyCode>
              <ExchangeRate CalculationType='D' />
            </Currency>
            <TaxPercentage>3.1415926535897932384626433832795</TaxPercentage>
            <TaxAmount>3.1415926535897932384626433832795</TaxAmount>
            <TaxExemptionReason>String</TaxExemptionReason>
            <SysInfo>String</SysInfo>
          </Tax>
          <Currency>
            <CurrencyCode>String</CurrencyCode>
            <ExchangeRate CalculationType='D' />
          </Currency>
        </Line>
        <DocumentTotals>
          <TaxPayable>3.1415926535897932384626433832795</TaxPayable>
          <NetTotal>3.1415926535897932384626433832795</NetTotal>
          <GrossTotal>3.1415926535897932384626433832795</GrossTotal>
          <Currency>
            <CurrencyCode>String</CurrencyCode>
            <ExchangeRate CalculationType='D' />
          </Currency>
          <Settlement>
            <SettlementDiscount>String</SettlementDiscount>
            <SettlementAmount>3.1415926535897932384626433832795</SettlementAmount>
            <SettlementDate>1967-08-13</SettlementDate>
            <PaymentMechanism>String</PaymentMechanism>
          </Settlement>
        </DocumentTotals>
      </Invoice>
      <Invoice>
        <InvoiceNo>String</InvoiceNo>
        <Period>String</Period>
        <InvoiceDate>1967-08-13</InvoiceDate>
        <InvoiceType>String</InvoiceType>
        <GLPostingDate>1967-08-13</GLPostingDate>
        <BatchID>String</BatchID>
        <SystemID>String</SystemID>
        <TransactionID>String</TransactionID>
        <Line>
          <LineNumber>0</LineNumber>
          <AccountID>String</AccountID>
          <Analysis>
            <AnalysisID>String</AnalysisID>
            <Description>String</Description>
          </Analysis>
          <Analysis>
            <AnalysisID>String</AnalysisID>
            <Description>String</Description>
          </Analysis>
          <CustomerID>String</CustomerID>
          <OrderReferences>
            <OriginatingON>String</OriginatingON>
            <OrderDate>1967-08-13</OrderDate>
          </OrderReferences>
          <OrderReferences>
            <OriginatingON>String</OriginatingON>
            <OrderDate>1967-08-13</OrderDate>
          </OrderReferences>
          <ShipTo>
            <DeliveryID>String</DeliveryID>
            <DeliveryDate>1967-08-13</DeliveryDate>
            <UCR>String</UCR>
            <Address>
              <BuildingNumber>String</BuildingNumber>
              <StreetName>String</StreetName>
              <AddressDetail>String</AddressDetail>
              <City>String</City>
              <PostalCode>String</PostalCode>
              <Region>String</Region>
              <Country>String</Country>
            </Address>
          </ShipTo>
          <ShipTo>
            <DeliveryID>String</DeliveryID>
            <DeliveryDate>1967-08-13</DeliveryDate>
            <UCR>String</UCR>
            <Address>
              <BuildingNumber>String</BuildingNumber>
              <StreetName>String</StreetName>
              <AddressDetail>String</AddressDetail>
              <City>String</City>
              <PostalCode>String</PostalCode>
              <Region>String</Region>
              <Country>String</Country>
            </Address>
          </ShipTo>
          <ShipFrom>
            <DeliveryID>String</DeliveryID>
            <DeliveryDate>1967-08-13</DeliveryDate>
            <UCR>String</UCR>
            <Address>
              <BuildingNumber>String</BuildingNumber>
              <StreetName>String</StreetName>
              <AddressDetail>String</AddressDetail>
              <City>String</City>
              <PostalCode>String</PostalCode>
              <Region>String</Region>
              <Country>String</Country>
            </Address>
          </ShipFrom>
          <ShipFrom>
            <DeliveryID>String</DeliveryID>
            <DeliveryDate>1967-08-13</DeliveryDate>
            <UCR>String</UCR>
            <Address>
              <BuildingNumber>String</BuildingNumber>
              <StreetName>String</StreetName>
              <AddressDetail>String</AddressDetail>
              <City>String</City>
              <PostalCode>String</PostalCode>
              <Region>String</Region>
              <Country>String</Country>
            </Address>
          </ShipFrom>
          <ProductCode>String</ProductCode>
          <ProductDescription>String</ProductDescription>
          <Quantity>String</Quantity>
          <UnitOfMeasure>String</UnitOfMeasure>
          <UnitPrice>3.1415926535897932384626433832795</UnitPrice>
          <TaxPointDate>1967-08-13</TaxPointDate>
          <References>
            <CreditNote>
              <Reference>String</Reference>
              <Reason>String</Reason>
            </CreditNote>
          </References>
          <Description>String</Description>
          <DebitAmount>3.1415926535897932384626433832795</DebitAmount>
          <Tax>
            <TaxType>String</TaxType>
            <TaxCode>String</TaxCode>
            <Currency>
              <CurrencyCode>String</CurrencyCode>
              <ExchangeRate CalculationType='D' />
            </Currency>
            <TaxPercentage>3.1415926535897932384626433832795</TaxPercentage>
            <TaxAmount>3.1415926535897932384626433832795</TaxAmount>
            <TaxExemptionReason>String</TaxExemptionReason>
            <SysInfo>String</SysInfo>
          </Tax>
          <Tax>
            <TaxType>String</TaxType>
            <TaxCode>String</TaxCode>
            <Currency>
              <CurrencyCode>String</CurrencyCode>
              <ExchangeRate CalculationType='D' />
            </Currency>
            <TaxPercentage>3.1415926535897932384626433832795</TaxPercentage>
            <TaxAmount>3.1415926535897932384626433832795</TaxAmount>
            <TaxExemptionReason>String</TaxExemptionReason>
            <SysInfo>String</SysInfo>
          </Tax>
          <Currency>
            <CurrencyCode>String</CurrencyCode>
            <ExchangeRate CalculationType='D' />
          </Currency>
        </Line>
        <Line>
          <LineNumber>0</LineNumber>
          <AccountID>String</AccountID>
          <Analysis>
            <AnalysisID>String</AnalysisID>
            <Description>String</Description>
          </Analysis>
          <Analysis>
            <AnalysisID>String</AnalysisID>
            <Description>String</Description>
          </Analysis>
          <CustomerID>String</CustomerID>
          <OrderReferences>
            <OriginatingON>String</OriginatingON>
            <OrderDate>1967-08-13</OrderDate>
          </OrderReferences>
          <OrderReferences>
            <OriginatingON>String</OriginatingON>
            <OrderDate>1967-08-13</OrderDate>
          </OrderReferences>
          <ShipTo>
            <DeliveryID>String</DeliveryID>
            <DeliveryDate>1967-08-13</DeliveryDate>
            <UCR>String</UCR>
            <Address>
              <BuildingNumber>String</BuildingNumber>
              <StreetName>String</StreetName>
              <AddressDetail>String</AddressDetail>
              <City>String</City>
              <PostalCode>String</PostalCode>
              <Region>String</Region>
              <Country>String</Country>
            </Address>
          </ShipTo>
          <ShipTo>
            <DeliveryID>String</DeliveryID>
            <DeliveryDate>1967-08-13</DeliveryDate>
            <UCR>String</UCR>
            <Address>
              <BuildingNumber>String</BuildingNumber>
              <StreetName>String</StreetName>
              <AddressDetail>String</AddressDetail>
              <City>String</City>
              <PostalCode>String</PostalCode>
              <Region>String</Region>
              <Country>String</Country>
            </Address>
          </ShipTo>
          <ShipFrom>
            <DeliveryID>String</DeliveryID>
            <DeliveryDate>1967-08-13</DeliveryDate>
            <UCR>String</UCR>
            <Address>
              <BuildingNumber>String</BuildingNumber>
              <StreetName>String</StreetName>
              <AddressDetail>String</AddressDetail>
              <City>String</City>
              <PostalCode>String</PostalCode>
              <Region>String</Region>
              <Country>String</Country>
            </Address>
          </ShipFrom>
          <ShipFrom>
            <DeliveryID>String</DeliveryID>
            <DeliveryDate>1967-08-13</DeliveryDate>
            <UCR>String</UCR>
            <Address>
              <BuildingNumber>String</BuildingNumber>
              <StreetName>String</StreetName>
              <AddressDetail>String</AddressDetail>
              <City>String</City>
              <PostalCode>String</PostalCode>
              <Region>String</Region>
              <Country>String</Country>
            </Address>
          </ShipFrom>
          <ProductCode>String</ProductCode>
          <ProductDescription>String</ProductDescription>
          <Quantity>String</Quantity>
          <UnitOfMeasure>String</UnitOfMeasure>
          <UnitPrice>3.1415926535897932384626433832795</UnitPrice>
          <TaxPointDate>1967-08-13</TaxPointDate>
          <References>
            <CreditNote>
              <Reference>String</Reference>
              <Reason>String</Reason>
            </CreditNote>
          </References>
          <Description>String</Description>
          <DebitAmount>3.1415926535897932384626433832795</DebitAmount>
          <Tax>
            <TaxType>String</TaxType>
            <TaxCode>String</TaxCode>
            <Currency>
              <CurrencyCode>String</CurrencyCode>
              <ExchangeRate CalculationType='D' />
            </Currency>
            <TaxPercentage>3.1415926535897932384626433832795</TaxPercentage>
            <TaxAmount>3.1415926535897932384626433832795</TaxAmount>
            <TaxExemptionReason>String</TaxExemptionReason>
            <SysInfo>String</SysInfo>
          </Tax>
          <Tax>
            <TaxType>String</TaxType>
            <TaxCode>String</TaxCode>
            <Currency>
              <CurrencyCode>String</CurrencyCode>
              <ExchangeRate CalculationType='D' />
            </Currency>
            <TaxPercentage>3.1415926535897932384626433832795</TaxPercentage>
            <TaxAmount>3.1415926535897932384626433832795</TaxAmount>
            <TaxExemptionReason>String</TaxExemptionReason>
            <SysInfo>String</SysInfo>
          </Tax>
          <Currency>
            <CurrencyCode>String</CurrencyCode>
            <ExchangeRate CalculationType='D' />
          </Currency>
        </Line>
        <DocumentTotals>
          <TaxPayable>3.1415926535897932384626433832795</TaxPayable>
          <NetTotal>3.1415926535897932384626433832795</NetTotal>
          <GrossTotal>3.1415926535897932384626433832795</GrossTotal>
          <Currency>
            <CurrencyCode>String</CurrencyCode>
            <ExchangeRate CalculationType='D' />
          </Currency>
          <Settlement>
            <SettlementDiscount>String</SettlementDiscount>
            <SettlementAmount>3.1415926535897932384626433832795</SettlementAmount>
            <SettlementDate>1967-08-13</SettlementDate>
            <PaymentMechanism>String</PaymentMechanism>
          </Settlement>
        </DocumentTotals>
      </Invoice>
    </SalesInvoices>
  </SourceDocuments>
</AuditFile>
